2476 4440
189 212 245 287 oo
539 162 941 315 nnnnsrnn1'⁵''··}2„

239 403 449 494 ‘Principium
469 404 599 493 Nilique
619 407 732 475 bibunt
751 406 787 474 in
807 404 931 493 originc
951 405 1095 477 sontem:

253 526 327 592 Nec
347 530 474 593 taceam
494 525 644 615 primum,
675 543 760 613 quae
779 542 883 611 nuper
902 525 988 592 bella
1007 528 1070 597 sub
1093 528 1188 598 Arcto

191 646 233 705 ¹70
253 644 365 724 Felici,
389 643 519 735 Carine,
538 662 634 710 manu
655 643 847 732 confeceris,
867 642 940 729 ipso

253 762 366 830 Paene
386 763 476 850 prior
494 763 642 849 genitore
663 762 744 851 deo,·
755 742 854 877 ψ)
873 760 989 829 intima
1008 762 1114 833 frater

251 880 412 949 Persidos
431 886 468 947 et
487 887 619 947 ueteres
640 879 829 966 Babylonos
849 879 976 967 ceperit
996 900 1108 972 arces,

252 1000 352 1067 Vltus
372 999 521 1066 Romulei
541 998 663 1066 uiolata
683 996 850 1064 cacumina
869 998 982 1085 regnis
1028 1014 1031 1019 ·

252 1118 484 1206 imbellemque
504 1118 613 1205 fugam
634 1117 771 1184 reseram
800 1116 993 1204 clausasque
1022 1119 1190 1205 pharetras

191 1238 233 1300 ab
252 1237 446 1304 Parthorum
465 1236 624 1323 laxosque
645 1253 741 1303 arcus
763 1240 797 1300 et
817 1233 944 1321 spicula
963 1238 1063 1304 nulla.

252 1355 347 1425 llaec
366 1354 460 1422 uobis
479 1361 614 1421 nostrae
634 1353 779 1421 libabunt
798 1352 1077 1422 carmina-Musae

254 1471 335 1542 Cum
354 1472 489 1560 primum
508 1472 618 1539 uultus
638 1488 771 1561 sacros,
798 1472 883 1539 bona
902 1472 1029 1541 numina
1048 1477 1171 1563 terrae,

247 1590 437 1679 configar-tt
456 1589 581 1657 uidisse
601 1589 694 1655 mihi:
715 1588 779 1656 iam
798 1588 917 1676 gaudia
937 1596 1013 1659 uota

254 1709 426 1797 Temporis
446 1708 619 1795 impatiens
640 1726 761 1785 sensus
781 1714 976 1796 spretorque
993 1729 1153 1780 morarum

190 1833 233 1892 8⁰
252 1826 438 1895 Praesumit
458 1826 633 1913 uideorque
652 1825 731 1893 mihi
750 1826 815 1892 iam
836 1824 975 1895 cernere¹
990 1806 1128 1897 ¹hotrum

253 1946 423 2033 Augustos
443 1943 583 2034 habitus,
602 1943 738 2011 Romam
758 1945 941 2033 clarumque
967 1948 1121 2015 sensnm

251 2064 301 2133 Et
320 2064 404 2131 lidos
424 2062 577 2129 albella
597 2062 697 2129 (luces
719 2069 754 2129 et
773 2064 875 2130 milite
894 2063 994 2131 multo
1174 2054 1182 2065 '
1230 2064 1232 2072 '

253 2183 406 2271 Agmina,
426 2181 499 2268 quis
519 2180 622 2249 sortes
640 2181 761 2248 animat
781 2181 911 2251 deuotio
930 2186 1077 2251 mentes:

254 2299 367 2368 Aurea
387 2317 546 2386 purpureo
567 2298 665 2386 longe
685 2299 846 2367 radiantia
865 2284 940 2368 nelo

191 2419 234 2481 85
254 2414 360 2505 Signa
381 2416 503 2482 micant
521 2418 693 2505 sinuatque
706 2423 815 2486 truces
829 2418 914 2485 leuis
925 2436 1004 2485 aura
1017 2417 1187 2485 dracones.

243 2584 246 2597 ,
295 2533 463 2621 Τηωοᾱο,
483 2552 566 2621 quae
578 2536 683 2601 saltus
694 2535 841 2623 placidos
854 2535 1015 2622 siluasque
1026 2552 1190 2625 pererras,

252 2656 415 2741 Latonae,
436 2652 580 2742 Phoebe,
599 2672 749 2741 magnum
769 2654 881 2744 decus,
900 2654 954 2722 eia
972 2671 1035 2739 age
1055 2660 1171 2720 suetos

254 2770 356 2841 Sume
376 2771 505 2839 habitus
521 2790 693 2861 arcumque
705 2791 801 2839 mano
814 2773 997 2860 pictamque
1008 2773 1187 2859 pharetram

252 2888 431 2977 Suspende
453 2909 497 2959 ex
517 2888 670 2981 humeris,
691 2891 760 2958 sint
779 2904 879 2959 aurea
900 2890 977 2981 tela,
997 2890 1153 2979 sagittae,

191 3013 238 3073 9⁰.
255 3007 403 3075 Candido
422 3008 569 3095 puniceis
590 3013 743 3096 aptentur
763 3026 856 3077 crura
877 3008 1055 3098 cothurnis,

254 3125 310 3197 Sit
330 3126 476 3210 chlamys
505 3130 617 3193 aurato
637 3125 768 3192 multum
789 3126 989 3213 subtegmine
1009 3126 1086 3195 lusa

251 3243 485 3329 Conrugcsque
504 3244 596 3309 sinus
616 3246 787 3331 gemmatis
808 3246 938 3312 balteus
961 3250 1070 3312 arctet

251 3362 413 3450 nexibus,
433 3361 603 3449 implicitos
625 3362 738 3429 cohibe
759 3363 942 3430 diademate
964 3363 1084 3429 crines.

255 3479 379 3546 Tecum
399 3478 545 3547 Naiadas
564 3479 678 3546 faciles
698 3481 857 3568 uiridique
876 3482 1009 3548 iuuenta

190 3597 235 3665 co
253 3597 419 3669 Pubentes
444 3597 599 3687 Dryades
631 3600 866 3688 Nymphaeque
871 3647 894 3768 ἰ]
928 3597 1015 3677 uude
1047 3597 1187 3667 amnibus

895 3719 994 3781 umor,

190 3875 235 3926 08.
252 3876 343 3927 uiuent
359 3875 517 3926 lobaronas.
583 3874 626 3936 in]
644 3875 678 3927 ah
694 3887 719 3926 c.
786 3873 829 3926 ll.
847 3874 939 3924 Poene
955 3885 983 3924 a.
1052 3872 1096 3923 ¹76.
1116 3868 1187 3923 nono

193 3988 244 4029 oe:
260 3978 386 4032 emeca
400 3974 535 4029 Pithoeus·
602 3977 648 4030 78.
665 3977 729 4028 nota
744 3986 769 4028 c.
836 3974 881 4027 ot.
898 3975 959 4027 tuso
975 3986 1006 4026 a.
1191 3966 1195 3973 ’
