2476 4440
567 186 793 233 *XIV-

179 358 332 427 maticosr
356 372 420 439 ogo
440 372 519 423 uero
539 354 623 443 quod
643 334 703 443 nro
724 359 908 420 monstroso
927 352 982 419 iiio
1003 363 1067 419 acc
1088 354 1188 421 ocem

179 496 244 567 orsa
263 496 295 543 u.
319 468 401 541 416
421 471 498 540 dodi
517 473 760 559 occieciocooc,
780 472 814 538 id
828 472 1015 573 estoiiisct
1035 478 1187 540 coutem-

177 591 382 685 ptao'uoigo,
402 590 535 679 antiqua
554 590 720 660 scribendi
739 589 981 657 consuetudinis
1001 588 1187 658 obseruati-

178 731 243 781 oac
256 713 333 779 item
345 709 560 778 confirmatur.
573 710 634 777 sori
648 709 681 775 in
698 707 811 775 eodem
822 709 981 777 uersicuio
993 707 1079 795 quod
1091 708 1187 795 iege-

113 892 126 911 ,.
177 832 273 901 batur
292 829 516 915 Iorpoaooque
528 831 633 916 piceo,
665 828 699 894 id
713 826 899 896 mendosum
914 844 992 893 ossa
1004 824 1187 915 complures

176 948 424 1017 intellexerunt:
457 964 559 1034 nuno,
585 954 755 1035 postquam
782 945 987 1033 lorumque
1011 946 1044 1014 in
1072 948 1184 1017 codice

177 1068 375 1152 monueram,
395 1086 506 1135 uerum
528 1066 714 1139 uocabulum
728 1065 983 1153 Hipponicum
1004 1066 1090 1132 uitro
1111 1066 1186 1135 mihi

176 1185 336 1274 apparuit.
359 1184 561 1270 intellegitur
581 1189 688 1253 autem
708 1186 766 1271 pix
787 1183 913 1272 Brutia,
931 1182 975 1251 dc
994 1200 1060 1269 qua
1082 1187 1187 1253 omniu

176 1310 257 1372 nou
277 1308 364 1370 suot.
386 1303 465 1368 rouo
485 1301 582 1392 rouo,
601 1303 635 1369 n
656 1302 781 1368 uaeas
800 1299 999 1388 grammatici
1021 1284 1184 1391 aovirgr-
1228 1356 1230 1371 .

176 1423 213 1489 1ἰί
245 1442 298 1507 ge.
329 1420 367 1511 2,
393 1418 475 1487 438
501 1421 731 1510 annotatione,
765 1438 860 1508 qurum
885 1420 928 1484 Ν.
958 1419 1116 1487 Heinsius
1140 1422 1184 1488 ori

177 1537 287 1609 Ouidii
307 1552 386 1608 rem.
407 1558 470 1606 um.
492 1535 574 1607 264
593 1540 759 1626 ascripsit,
781 1536 1045 1625 legendumcssc
1059 1537 1184 1627 Nary-

175 1660 261 1746 ciae,
274 1656 428 1741 Brutine,
450 1676 537 1745 quae
550 1660 587 1724 ia
600 1657 677 1724 Situ
686 1656 784 1745 fiunt,
807 1676 872 1723 non
892 1659 928 1723 io
949 1658 1047 1746 oiiau,
1070 1672 1183 1749 noque,

174 1780 212 1841 ui
237 1774 394 1840 Heinsius
423 1776 539 1863 uoluit,
564 1794 608 1843 ou
633 1778 671 1840 in
698 1777 795 1841 riou
822 1779 968 1841 catarum
993 1774 1186 1862 Hipponion

175 1896 330 1979 nonputo
342 1893 511 1960 continere
523 1893 704 1981 synizesin,
725 1911 788 1980 quo
809 1891 999 1961 adminiculo
1019 1894 1185 1981 aliquanto

174 2008 309 2097 saepias
338 2008 433 2076 hodie
462 2011 661 2096 grammatici
687 2028 782 2097 quam
809 2011 883 2078 oiim
913 2020 1031 2099 poetae
1051 2018 1185 2080 ueteres

173 2108 317 2217 utuntur,
328 2128 387 2195 scd
401 2146 479 2195 cssc
495 2129 719 2218 choriambum,
731 2134 883 2215 correpta
899 2135 1033 2219 proptor
1053 2150 1184 2201 uersum

174 2243 280 2311 ultera
306 2245 443 2331 syllaba.
472 2246 666 2314 multocius
688 2246 773 2314 modi
796 2246 882 2335 apud
902 2249 1040 2316 Latinos
1060 2251 1186 2336 paritor

174 2366 274 2448 utque
289 2363 378 2450 'apud
390 2364 539 2431 Graecos
554 2371 672 2452 poetas
684 2364 907 2433 inueniunturr
927 2372 963 2434 ut
982 2384 1080 2431 anum
1092 2384 1186 2433 com-

174 2498 364 2571 memorem,
395 2481 567 2549 Paconius
587 2480 703 2549 eadem
723 2482 872 2570 syllabae
891 2482 1093 2569 correptione
1114 2483 1185 2550 fero

173 2598 292 2688 ubique
312 2600 438 2667 dicitur.
466 2600 562 2667 aliter
580 2598 786 2670 statuendum
809 2618 886 2669 esso
906 2597 1031 2667 uidetur
1051 2600 1096 2668 de
1113 2598 1184 2668 Pc-

172 2718 289 2785 troniio
309 2720 446 2787 canibus
467 2738 551 2809 quos
571 2717 708 2787 Gratius
729 2740 760 2786 u.
783 2717 863 2787 2⁰2
884 2726 919 2788 et
940 2715 1022 2786 906
1042 2734 1185 2788 commo·
1208 2784 1213 2795 ,

147 2839 320 2905 ,marcuit
349 2838 412 2907 hoc
438 2839 525 2906 euim
552 2857 670 2907 nomon
697 2845 733 2906 ut
763 2837 920 2906 Gaiiioum
941 2854 1019 2903 esse
1040 2856 1181 2905 consue·

171 2958 303 3043 tamquo
313 2957 512 3024 Gallicorum
528 2957 689 3024 nominum
711 2966 896 3024 mensuram
914 2952 1093 3021 retinuisse
1109 2954 1183 3021 exi-

170 3070 300 3136 stimem
321 3080 454 3159 praeter
473 3094 540 3143 non
564 3062 753 3143 dissimilem
773 3074 903 3141 nominc
919 3072 1182 3140 Petrocorioruur

170 3193 304 3273 gentem
330 3189 410 3256 illud
437 3210 491 3259 ma
517 3198 626 3259 mouet
654 3194 741 3281 quod
769 3193 864 3261 simul
893 3196 1184 3260 commemorantur

170 3320 273 3371 cenes
285 3302 456 3393 Sycambri
483 3317 519 3378 at
539 3310 723 3380 uertrahae.
768 3308 971 3399 Sycambros
991 3310 1077 3376 enirn
1091 3306 1184 3375 (ior-

169 3423 326 3495 manicam
353 3434 484 3513 gentem
511 3428 617 3496 fuisso
645 3434 794 3519 constat,
838 3429 1055 3513 corrosum,
1089 3444 1185 3516 quam

169 3544 366 3630 amuooum
392 3549 447 3614 nal
472 3549 650 3633 scortorum
678 3547 734 3614 eiii
761 3548 889 3645 dicunt,
916 3552 953 3613 ut
981 3546 1184 3613 recentiores

169 3658 289 3728 formes
317 3668 443 3733 taceam
472 3685 555 3754 quas
582 3661 727 3754 cangius
755 3668 902 3754 eontulit,
923 3661 1086 3731 Celticum
1107 3670 1184 3731 essa

169 3779 359 3848 uocabulum
379 3783 542 3851 Arrianus
562 3783 660 3852 docot
680 3783 724 3852 oio
744 3800 819 3850 uon.
842 3781 879 3870 8,
900 3778 927 3848 a
949 3780 1002 3850 his
1015 3784 1127 3851 uerbis
1148 3786 1185 3848 ut

170 3895 205 3960 rii
223 3895 376 3978 ποδώκεις
396 3898 487 3977 κύνες
512 3908 550 3970 αἱ
575 3900 737 3971 Κελτικαὶ
766 3901 927 3968 rotamur
947 3892 1005 3983 uir
1026 3897 1182 3991 οὐέρτρα·
