2476 4440
74 228 79 237 '
115 220 170 295 96
429 219 501 290 ΒΕ
522 219 839 293 GENERIBVS
955 252 959 257 ·

139 500 143 509 1
183 410 327 497 Quirites
340 408 533 496 singularem
554 429 718 478 numemm
730 428 796 477 non
816 407 926 477 babet.
948 426 1028 477 nem
1040 407 1092 479 blo

248 551 348 600 cenas
371 531 453 599 dixit
471 526 686 617 ‘Quaeritem’
711 528 770 596 sed
792 548 858 595 non
876 529 1054 617 recipitur.

178 650 335 737 Regnum
356 652 489 739 generis
509 650 629 733 neutri,
655 655 692 717 ut
713 648 871 736 Virgilius
888 644 1012 738 ‘Tyria
1032 671 1092 739 reg

242 766 355 836 uides?

139 888 163 950 e
184 886 309 956 Rabies
328 888 460 974 generis
482 885 639 977 feminini,
672 892 708 953 ut
734 887 896 955 quencus
919 880 1050 958 ‘rabies
1073 910 1092 957 u

241 1027 323 1075 sana
346 1005 490 1076 ueneni'.

182 1125 281 1193 Ritus
302 1126 436 1213 generis
456 1124 637 1214 masculini,
658 1130 694 1192 ut
710 1114 928 1213 Symmachus
945 1119 1044 1197 ‘suus
1063 1148 1092 1198 cn

240 1264 303 1333 que
324 1241 427 1314 citus?

179 1362 307 1430 Remus
333 1364 466 1449 generis
491 1360 676 1452 masculini,
711 1367 749 1429 ut
779 1355 947 1429 Cornelius
981 1357 1092 1449 ‘pomo

115 1483 161 1544 1⁰
242 1482 352 1551 lentos
374 1482 527 1549 seruabat
547 1482 582 1547 in
603 1482 720 1548 arbore
740 1475 865 1547 ramos?

178 1599 306 1669 Radius
326 1601 458 1687 generis
478 1597 663 1684 masculini,
700 1604 737 1664 ut
755 1598 918 1667 lunencus
933 1592 1092 1667 ‘abscoml

237 1718 338 1785 furuis
360 1718 474 1785 rutilus
496 1715 616 1783 umbris
637 1714 747 1782 radios
768 1712 837 1784 soll
868 1766 872 1771 -

184 1832 299 1921 Rupes
319 1836 452 1923 generis
472 1834 628 1924 seminini,
648 1839 683 1900 ut
695 1832 850 1919 Virgilius
867 1827 943 1905 ‘sub
967 1856 1049 1927 rupe
1066 1855 1092 1906 ct

240 1950 337 2021 uuta'
359 1973 419 2021 ceu
440 1973 566 2041 magno.

58 2046 63 2059 ⁸
116 2071 159 2133 lb
178 2070 251 2139 Rus
270 2072 405 2158 generis
425 2070 547 2159 neutri,
567 2075 603 2138 ut
624 2064 823 2139 Claudianus
845 2064 918 2139 ‘rus
938 2073 1031 2143 icturi
1045 2092 1092 2161 pre

242 2190 288 2255 tio
310 2194 441 2255 constet
460 2184 535 2256 uili:
771 2170 781 2183 '⁵
961 2253 964 2257 .

176 2306 304 2391 Rubigo
333 2305 468 2392 generis
493 2305 655 2396 feminini,
689 2311 726 2373 ut
751 2304 954 2375 Prudentius
982 2306 1092 2398 ‘aegrul

241 2426 408 2512 pectorum
430 2418 626 2508 rubiginem?

178 2538 301 2608 Rumor
320 2540 453 2626 generis
473 2532 659 2631 masculini,
684 2545 720 2608 ut
740 2538 903 2610 Ausonius
923 2532 1027 2631 ‘quae
1048 2548 1092 2611 tal

113 2660 156 2724 2⁰
238 2663 293 2727 tae
315 2665 450 2728 tenuere
469 2676 581 2726 morae
600 2678 729 2728 rumore
749 2661 810 2729 sub
831 2655 933 2727 omni.²

174 2777 296 2848 Rorem
321 2778 453 2865 generis
479 2762 677 2867 masculini,
703 2783 740 2847 ut
771 2776 975 2846 Prudentius
1001 2772 1092 2876 frore

239 2895 370 2964 subisse
391 2893 556 2964 sanctum:
638 2938 717 3001 ...Ι

112 3167 140 3221 1.
158 3166 298 3229 orasses
314 3169 343 3221 el
354 3182 420 3223 mcor
441 3168 588 3237 quaeritem
603 3166 641 3223 R.
704 3170 856 3239 asmgulart
878 3162 994 3224 numero
1018 3168 1049 3223 R.

111 3269 231 3319 micenas
255 3267 291 3320 R.
372 3271 398 3322 8.
422 3271 568 3335 Virgilius]
590 3270 658 3326 Aea.
674 3271 701 3342 1,
716 3276 769 3327 888
787 3266 900 3325 ‘Punica
925 3284 1012 3337 regna
1034 3266 1092 3325 allel

112 3364 229 3431 myrtos’
295 3368 527 3436 e.1uueneus]'1,
543 3372 595 3425 sto
611 3373 697 3436 (401)
764 3374 792 3426 7.
809 3375 1002 3438 flymmaclrus]
1019 3370 1057 3433 to,
1063 3362 1092 3419 al·

180 3470 206 3522 9.
223 3473 351 3524 cornilius
367 3472 408 3526 R·
422 3446 496 3541 puto'
508 3474 652 3528 calmetius
667 3476 797 3528 §mma
865 3473 912 3526 11.
928 3462 1092 3529 rureneult

110 3567 173 3623 119.
254 3575 394 3627 abscondit
413 3602 441 3613 -
458 3576 501 3625 sol
525 3577 617 3627 radlos
640 3577 743 3627 umbris
768 3574 804 3625 R.
897 3573 943 3627 te.
972 3564 1092 3639 vngrnul

110 3670 179 3725 Aen.
196 3671 221 3737 1,
238 3674 299 3727 810.
314 3678 343 3743 3,
359 3676 419 3728 229.
488 3673 532 3727 lb.
550 3676 724 3736 Claudianus]
749 3676 863 3741 fnestra
878 3675 959 3738 apud
978 3687 1038 3727 ειιιιι
1050 3672 1092 3721 lali

108 3774 196 3827 uerba
210 3776 341 3842 mathat
408 3774 452 3827 tt.
469 3777 643 3838 Prudentius]
660 3776 733 3827 calb.
750 3775 777 3842 1,
792 3774 856 3826 205·
932 3773 975 3827 18.
994 3774 1092 3840 pecul!

109 3870 147 3926 Ε·
229 3874 273 3927 1⁹·
296 3873 446 3935 Ausonius]
468 3878 498 3930 in
519 3880 643 3934 cernane
666 3877 760 3943 alicae
780 3877 854 3944 qaod
872 3875 990 3929 mecm.
1066 3864 1092 3921 ii·

110 3972 286 4035 Prudentius]
302 3973 375 4027 cutb.
391 3974 417 4041 tt,
435 3975 494 4031 tea.
