2476 4440
484 235 530 251 -·
568 213 666 265 xxvn
683 222 688 227 '
703 231 750 257 .-

89 386 145 473 [i.
176 382 259 477 18),
279 400 400 453 aersns
420 382 510 455 beati
530 402 638 475 papae
655 380 876 488 drogonem
900 377 1032 453 teatin
1049 376 1133 447 lla-

90 507 195 583 tiam
221 503 381 592 uirginem
405 502 446 588 (l.
472 499 522 569 13
544 506 615 594 n),
650 500 812 570 Hadriani
835 484 1050 588 'epigramma
1084 499 1134 587 tle
1175 566 1178 571 .

94 623 440 693 trium-Amazonum
467 640 596 711 pugna,
633 620 755 689 editum
776 637 803 688 a
826 619 1012 689 Bmmanno
1036 619 1135 689 anthe

89 738 252 832 Latii,
271 739 355 809 258
376 746 411 809 et
435 759 456 807 a
476 739 565 807 ltlaio
583 744 671 807 anet.
693 739 791 808 class.
811 743 837 806 t.
858 737 885 806 ὅ
906 761 942 827 p.
960 730 1054 827 458,
1075 736 1151 807 eni'

93 861 145 930 in
166 859 284 952 codiee
304 858 540 949 praescriptum
561 862 616 926 est
628 853 810 944 A‘Virgilins²
832 855 872 938 (1.
898 854 950 923 14
968 860 1032 951 aa),
1050 856 1127 945 epi-

89 996 259 1068 gramma
279 977 323 1046 de
342 984 500 1047 uenatore
520 982 677 1065 semente
694 982 730 1045 et
750 995 830 1063 apro
851 974 892 1059 [l.
914 971 966 1042 14
986 962 1048 1064 a),
1067 982 1130 1043 re-

94 1098 223 1194 gimen
255 1097 408 1165 sanitatis
440 1098 533 1166 iuxta
566 1115 700 1166 menses
738 1098 780 1178 (1.
812 1091 865 1163 14
884 1097 953 1180 n),
987 1092 1132 1161 Ausonii
1161 1094 1166 1099 '

95 1215 210 1304 signa
230 1214 386 1284 eoelestia
407 1216 479 1284 sine
500 1215 616 1303 ecloga
637 1221 764 1307 quarta,
784 1214 836 1283 eni
857 1217 1007 1302 quattuor
1020 1209 1132 1279 ultimi·
1162 1234 1168 1253 ·

93 1352 229 1401 mersus
247 1332 368 1400 desunt
387 1333 428 1418 (1.
452 1332 502 1401 15
525 1337 587 1424 n),
606 1333 806 1421 epigramma
834 1330 877 1398 de
904 1349 986 1398 uase
1005 1333 1042 1397 et
1061 1344 1124 1397 se-

95 1426 203 1539 nhiro
218 1448 374 1519 'uersibus
394 1451 538 1519 leoninis
557 1453 711 1536 seriptum
736 1451 782 1532 (f.
805 1445 856 1516 rt
877 1453 937 1530 n).
970 1447 1139 1534 hymnum.

93 1585 208 1657 quem
228 1567 298 1633 dixi
316 1567 487 1656 inscriptio
509 1587 553 1636 ex
575 1565 705 1637 Graeco
725 1565 917 1637 translatum
937 1580 1015 1629 esse
1043 1580 1146 1629 ωτι.

98 1691 173 1755 rat.
198 1666 287 1772 qnod
305 1701 416 1768 ueram
435 1702 515 1753 esse
534 1704 641 1775 neque
659 1683 847 1775 negauerim
866 1689 992 1751 temere
1016 1694 1143 1784 nequod

100 1802 348 1872 affirmanen‘m·
370 1823 444 1871 nam
466 1803 549 1892 quod
570 1811 671 1892 poeta
692 1806 827 1890 loaqom
847 1799 930 1867 dixit
953 1798 1123 1886 aethrem,

100 1940 176 1989 non
202 1926 270 1989 tam
299 1921 462 1990 Graecam
489 1922 628 2012 aliquam
663 1920 793 1991 dicendi
824 1920 992 1988 formulam
1025 1937 1124 2006 qnam
1209 1900 1211 1904 ¹

102 2040 281 2126 Virgilium
301 2041 446 2108 imitatus
468 2059 545 2109 esse
567 2041 644 2108 nrilri
663 2041 803 2108 uidetur.
835 2039 956 2108 etenim
984 2035 1127 2103 aethere·
1154 2109 1159 2127 Ι

102 2159 219 2248 lonqo,
239 2160 326 2247 qnod
346 2159 433 2227 Aen.
457 2157 494 2248 7,
515 2155 597 2226 288
618 2158 823 2235 inllledioeo
849 2157 962 2225 oodioe
990 2154 1123 2245 legitur,

101 2277 298 2366 posthabito
318 2279 429 2365 optimi
449 2278 522 2346 libri
549 2278 742 2346 anctoritate
769 2265 805 2345 et
831 2297 925 2366 qnam
946 2275 991 2342 N.
1013 2272 1125 2342 Hein-

101 2395 178 2462 sius
200 2403 447 2483 comparauerat
468 2398 604 2466 aliorum
622 2398 803 2466 imitatione
828 2382 1014 2487 poetarum,
1045 2393 1121 2482 qui-

101 2510 168 2581 ons
189 2513 275 2580 addo
295 2515 456 2583 Anienem
476 2514 590 2606 progn.
603 2514 901 2607 465‚‚negleotnm
923 2534 1001 2582 esse
1021 2532 1043 2581 a
1063 2531 1125 2580 re-

97 2631 307 2699 centioribus
326 2634 544 2718 grammaticis
564 2633 693 2700 minime
713 2636 824 2722 probo.
847 2654 892 2701 ex
911 2632 1028 2701 eodem
1042 2630 1125 2700 Vir-0

96 2749 186 2837 gilio
214 2752 315 2832 poeta
340 2748 464 2834 pariter
491 2755 590 2836 atque
617 2749 672 2816 alii
698 2769 825 2836 nmero
844 2768 1003 2816 connexe
1030 2767 1129 2865 snm]

98 2866 183 2956 psit.
217 2865 279 2932 sed
305 2865 457 2933 Platonis
484 2884 602 2934 nomen
627 2867 662 2934 in
686 2866 901 2956 inscriptione
926 2872 1124 2935 commemo-
1150 2864 1153 2869 ’

102 2990 213 3052 ratum
239 3003 306 3052 non
333 3004 394 3071 pro
421 2983 521 3057 nihilo
546 2982 724 3073 putandum
745 2990 810 3053 est.
839 2982 992 3051 uidelicet
1021 3002 1123 3069 argn-

105 3108 250 3171 mentom
276 3122 437 3170 uersuum·
466 3103 617 3172 Platonis
651 3104 806 3171 Timaeus
839 3101 1004 3190 praeboitr
1044 3100 1123 3169 hino
1192 3158 1212 3185 ,

104 3240 224 3310 magna
244 3238 355 3289 eorum
385 3221 561 3289 similitudo
591 3241 661 3291 onm
687 3223 819 3291 Boethii
845 3210 991 3290 carmine
1012 3216 1043 3287 0
1062 3221 1123 3308 qai

104 3340 269 3427 perpetrm
289 3341 448 3409 meadum
467 3343 601 3409 ratione
626 3339 811 3428 quemme,
838 3360 929 3409 oons.
949 3340 1025 3430 plril.
1046 3338 1070 3406 l.
1092 3336 1119 3406 3
1146 3331 1158 3359 “
1193 3423 1198 3436 ,

106 3464 203 3526 metr.
231 3454 269 3524 9.
311 3457 463 3526 Platonis
499 3462 674 3528 'sententiis
708 3462 795 3529 aliae
829 3460 994 3528 admixtae
1030 3464 1120 3546 sunt,

107 3575 210 3642 aelati
229 3575 425 3644 Mithriaoae
451 3576 619 3665 religionis
646 3580 783 3646 obseura
810 3579 887 3646 milri
913 3578 1118 3664 significatio.

106 3692 168 3762 sed
196 3699 273 3778 poto
301 3700 412 3764 tamen
438 3695 481 3764 ad
506 3695 658 3763 Mithram
685 3697 851 3787 pertinere
871 3698 1001 3767 iuuenci
1027 3716 1118 3765 eom·

106 3812 369 3881 memorationem
389 3834 419 3883 n.
442 3811 505 3882 25.
527 3812 672 3883 restitnit
699 3817 887 3885 nooabnlom
910 3812 1117 3883 Godolredns

107 3930 335 4021 Hermannns,
381 3933 506 4023 odeum
539 3933 600 4004 hoo
635 3951 765 4005 carmon
798 3934 1117 4004 mmmunioaneram.
