2476 4440
207 142 277 253 'oa
568 172 880 247 nnunsrnnr
962 149 965 153 ’

306 365 557 455 Dissimilesque
575 364 720 435 habeant
740 361 856 431 catulis
875 359 1046 429 uelocibus
1064 365 1171 447 ortus,

307 482 709 554 floudmnenimoomoo
721 479 914 549 dabunttibi
926 499 1063 549 munera
1075 482 1215 571 praedic

224 605 288 671 236
306 606 457 694 Namque
478 608 514 671 et
535 602 669 669 odorato
690 603 829 667 noscrmt
848 597 989 685 uestigia
1010 604 1109 687 prato

308 723 419 810 Atque
447 721 547 787 etiam
573 720 721 807 leporum
747 722 878 784 secreto
899 716 1018 783 cubilia
1037 737 1116 786 mon

308 832 431 931 Horum
449 837 577 906 orrimos
598 853 770 922 moresque
790 833 885 899 simul
905 854 1071 925 naresque
1203 918 1212 935 ,Ι

308 956 388 1025 Mox
400 947 655 1025 reserans-nunc
668 953 771 1022 omnis
784 952 890 1020 adhuc
902 953 1072 1023 narranda
1085 977 1126 1025 su

308 1074 462 1143 venandi
482 1072 652 1161 cultusque
671 1071 749 1140 mihi
769 1071 927 1139 dicendus
948 1090 1114 1161 equorum.

227 1196 290 1259 tto
353 1189 558 1279 cornipedes
576 1192 674 1279 igitur
693 1191 800 1259 lectos
821 1190 879 1258 det
901 1187 1042 1259 Graecia
1063 1193 1162 1261 uobis
1211 1238 1215 1245 -

306 1305 603 1400 Cappadocumque
622 1315 720 1377 notos
740 1309 864 1377 reserat
883 1327 1046 1394 generosa
1064 1329 1206 1399 propago

311 1429 449 1498 Armate
467 1434 505 1495 et
522 1429 649 1517 polonos
669 1446 773 1516 nuper
787 1446 879 1514 grex
900 1426 1002 1495 omnis
1021 1447 1165 1497 auorum.

308 1547 382 1614 Illis
403 1546 510 1635 amplo
525 1547 613 1615 salis
633 1546 701 1615 leui
721 1550 799 1613 sunt
820 1564 963 1634 aequora
981 1544 1082 1639 dorso

310 1665 572 1754 Inmodioumque
588 1666 680 1733 latus
700 1683 888 1753 parmaeque
907 1664 1095 1753 ingentibus
1119 1639 1232 1759 alui„⁴

225 1785 291 1851 246
311 1784 425 1853 Ardua
444 1784 542 1873 lrons¹
555 1770 716 1872 auresque
735 1782 841 1871 agiles
861 1782 1025 1873 capitique
1046 1782 1165 1852 decoro

312 1903 413 1969 Altos
433 1902 538 1970 honos
560 1901 707 1990 oculique
728 1920 812 1988 uago
834 1900 1010 1991 splendore
1027 1902 1194 2001 micantes,

161 1991 171 2005 ’
309 2019 459 2089 Plurima
477 2039 517 2088 se
529 2019 666 2087 ualidos
685 2020 800 2086 ceruix
821 2019 990 2107 resupinat
1009 2018 1046 2088 in
1062 2012 1181 2108 ¹iirmos,

312 2141 453 2219 Fumant
464 2138 645 2206 tumentes
665 2136 774 2205 calida
795 2135 837 2204 de
858 2156 940 2205 nure
960 2158 1116 2231 uaporeS,
1199 2210 1210 2233 ἡ

312 2257 348 2323 N
349 2275 387 2324 eo
399 2276 469 2344 ‚pes
488 2255 628 2323 officium
649 2255 759 2323 standi
780 2260 882 2345 tenet,
902 2258 1025 2345 ungula
1044 2263 1168 2327 terram
1205 2242 1208 2247 ⁵

183 2356 186 2363 ⁴
229 2375 293 2439 πθ
314 2373 534 2442 &obtulerit
555 2375 722 2461 uniusque
741 2379 835 2441 artus
854 2374 1149 2463 ammomsatigoc

315 2489 401 2574 Quin
422 2492 520 2560 etiam
540 2511 624 2579 gens
645 2492 752 2581 ampla
772 2494 860 2561 iccet
877 2497 968 2559 mans
987 2493 1090 2583 ardua
1111 2490 1175 2560 Gal

315 2607 481 2701 culmina,
501 2611 707 2700 cornipedum
721 2611 795 2679 late
815 2610 971 2709 foecunda
987 2612 1175 2700 proborum.

314 2728 464 2816 Namque
485 2730 596 2797 ualent
616 2730 733 2817 longos
749 2729 859 2818 ,protis
880 2729 1052 2799 intendere
1073 2748 1195 2819 cursus,
1228 2802 1232 2853 Α

313 2845 388 2915 Nec
408 2847 512 2914 minor
532 2853 585 2915 est
605 2848 672 2915 illis
695 2847 795 2916 Graio
816 2867 912 2936 quam
925 2848 963 2915 in
979 2849 1119 2947 corpore
1125 2847 1160 2917 -fo

231 2962 295 3035 2⁶5
309 2965 388 3033 vNec
408 2958 659 3037 nonntcrrioiles
679 2966 836 3055 spirabile
857 2970 975 3037 lumen
994 2966 1108 3037 anheli

313 3080 513 3147 Prouolunnt
531 3084 629 3152 ssatus
651 3089 686 3151 et
704 3085 825 3152 lomina
845 3085 953 3153 uiuido
971 3089 1131 3172 torquent

310 3197 531 3286 llinnitusque
549 3200 640 3267 cient
661 3203 789 3269 tremuli
809 3202 976 3293 frenisque
1000 3205 1188 3289 repugnant,

310 3315 349 3380 N
351 3334 390 3382 ec
418 3335 540 3403 segnes
567 3320 709 3388 mulcent
729 3339 839 3412 aurea,
857 3338 923 3388 nec
943 3337 1039 3407 crure
1058 3321 1115 3407 qui
1194 3388 1201 3401 ,

307 3428 371 3501 so
391 3432 449 3502 tibi
463 3440 639 3526 ,praeterea
659 3438 805 3531 sonipes,
825 3436 992 3507 Maurusia
1013 3437 1116 3509 tellus

228 3734 290 3792 Μ.
303 3736 452 3798 'mrucmda
468 3757 494 3799 c.
562 3747 661 3811 praeda
676 3760 727 3802 oc:
744 3751 872 3802 correcti
885 3749 1029 3807 Bartitoo·
1104 3744 1167 3801 w.

228 3846 312 3898 menti
334 3847 361 3896 et
380 3848 482 3910 palmas
500 3853 625 3901 numeret
641 3852 665 3902 1.
682 3852 734 3903 Fr.
754 3851 921 3908 Grooootoe.
1005 3847 1070 3905 θῶ.
1094 3856 1184 3905 numer

296 3947 409 4001 moene
425 3961 477 4015 oc.-
493 3952 619 4005 correoo
638 3951 746 4008 votam
