2476 4440
353 184 720 279 uuannnurcn.
971 189 1035 281 *tr

69 393 89 455 n
110 376 164 461 nt
182 374 303 462 sortire
322 394 457 481 gregem
477 380 628 465 uotae
646 392 739 485 prole
758 398 943 487 quotannis.

112 508 201 597 Quin
222 512 335 580 acidos
355 490 480 581 liacchi
501 514 619 581 latices
639 510 808 584 Tritonide
828 516 915 585 oliuo

115 630 313 699 Alimisccre
332 630 432 698 decet
451 630 641 720 catulosque
662 650 827 722 canesque
844 634 980 703 maritas

114 748 273 838 Vnguere
293 750 451 837 profuerit
471 748 645 840 tepidoque
665 750 843 821 ostendere
863 754 937 844 soii,

113 866 262 937 Auribus
282 870 319 935 et
339 868 447 937 tineas
468 869 621 939 candenti
642 870 770 958 pellere
790 872 906 941 cultro.

69 990 90 1049 n
113 984 181 1055 Est
202 986 301 1055 etiam
321 986 454 1055 canibus
474 986 595 1080 rabies,
614 988 716 1057 letale
740 989 906 1076 periclum.

116 1102 211 1187 Quoli
231 1106 292 1173 seu
311 1106 449 1175 melesii
469 1114 620 1196 cormpto
641 1107 753 1176 uiuere
773 1112 885 1178 manet

114 1219 196 1292 Cum
217 1220 340 1310 segnes
360 1206 453 1294 rariio
473 1226 563 1295 tristi
582 1224 740 1295 iaculetur
759 1228 801 1295 ab
821 1225 940 1297 aethra

111 1340 265 1410 Phoebus
287 1349 323 1410 et
344 1345 483 1411 attonito
503 1345 637 1431 palleus
657 1351 756 1433 caput
776 1346 886 1419 exerit
905 1345 996 1435 orbe,

111 1456 184 1530 Seu
203 1461 309 1546 uagis
328 1460 482 1547 igniooui
503 1456 681 1528 esurientia
699 1466 796 1547 terga
815 1458 921 1527 ieonis

69 1577 92 1639 5
116 1574 197 1643 Cunr
218 1576 324 1663 quatit
343 1578 407 1645 noe
427 1572 562 1645 canibus
581 1573 710 1644 blandis
724 1576 901 1645 inuiscerat
915 1583 1040 1670 aestus,

114 1692 261 1761 Exhalat
279 1698 341 1763 seu
361 1700 452 1763 terra
472 1692 557 1786 sinu,
578 1714 640 1762 seu
661 1694 777 1763 noxius
798 1712 858 1763 aer

113 1809 225 1881 Causa
250 1812 343 1903 nali,
369 1814 432 1881 seu
457 1822 528 1882 cuin
547 1811 679 1901 gelidus
702 1834 768 1883 non
787 1812 910 1883 suffieit
929 1814 1042 1884 humor

113 1930 254 1999 nor-uua
281 1939 343 2019 pc'r
365 1946 469 2000 uenas
496 1937 710 2000 concrescunt
731 1930 858 2001 semina
882 1932 1042 2024 nommoe,

114 2047 273 2137 ortoque
300 2026 334 2116 ru
362 2055 429 2136 eo,
448 2048 533 2133 tuas
554 2050 660 2138 iguo
680 2050 741 2118 suo
763 2048 864 2118 eone
882 2050 1040 2119 mouns

69 2170 91 2230 o
112 2167 216 2256 Inque
237 2168 328 2235 ierus
345 2168 451 2235 rictus
472 2166 566 2255 uigro
587 2171 759 2255 spumante
777 2185 906 2239 ueneno

112 2283 263 2377 Prosilit,
283 2286 418 2354 insanos
439 2304 563 2373 cogens
583 2282 721 2373 intigere
740 2286 880 2355 morsus.

113 2390 218 2473 Disce
237 2404 337 2494 igitur
356 2411 454 2495 potus
473 2397 620 2474 medicos
640 2400 814 2493 curamque
834 2400 1010 2474 salubrem·

112 2519 209 2591 ’ione
229 2522 338 2592 uirosi
357 2522 419 2591 tibi
438 2541 551 2591 mnes
571 2522 768 2611 multumque
787 2506 935 2593 domabis

117 2634 290 2730 (lensium,¹
304 2634 433 2709 nutrito
452 2641 557 2707 silicis
576 2639 765 2709 lentescere
786 2660 931 2727 cogens3

71 2756 95 2820 tt
116 2754 174 2824 Ex
196 2754 294 2825 ebore
313 2754 377 2825 iruc
396 2758 476 2826 trito
496 2756 604 2844 puluis
624 2760 759 2824 scetoue
780 2756 916 2847 teratur,

115 2869 378 2962 Admiscensque
404 2866 461 2943 ‹liu
486 2870 591 2943 iacies
619 2888 834 2942 concrescere
860 2878 1041 2962 utrumquer

114 2990 196 3059 Mox
216 2986 314 3062 iactis
335 2988 476 3082 liquidos
496 2992 621 3060 sensim
642 2982 828 3079 superadde
847 2992 978 3082 fluores,

117 3111 165 3178 Vt
185 3130 250 3181 uon
271 3108 464 3181 cunctantes
484 3110 623 3179 haustus
643 3086 811 3181 introiere
830 3124 931 3178 cornu

115 3224 248 3298 inserto
267 3230 379 3319 possis
399 3224 581 3317 Furiosque
599 3227 766 3317 repellere
785 3228 902 3297 tristes

69 3352 94 3411 o
115 3348 228 3436 Atque
247 3344 365 3416 iterum
385 3338 524 3418 blandas
545 3348 681 3416 canibus
693 3362 887 3436 componere
901 3354 1041 3417 mentes.

160 3464 248 3551 Quin
268 3472 304 3533 et
324 3466 504 3536 Tuscorum
524 3484 590 3533 uon
611 3470 666 3535 est
685 3470 834 3535 extremo
852 3465 1004 3552 uoluptas

118 3585 230 3674 Saepe
251 3605 379 3656 canum.
421 3585 467 3653 sit
487 3585 590 3651 torma
609 3585 675 3653 illis
696 3584 776 3660 licet
797 3585 905 3655 obuia
924 3583 1002 3650 uilio

71 3864 99 3929 t.
116 3860 193 3927 oliuo
209 3886 237 3928 a·
313 3866 374 3931 Βῆ.
395 3874 548 3931 uruntur
564 3888 592 3932 o.
668 3877 731 3930 ΞΜ.
753 3876 830 3929 sinus
846 3885 897 3928 oc:
913 3874 1041 3920 correcte·

69 3981 106 4034 ort
121 3979 249 4083 Scoliper
265 3977 391 4036 Boiocalus
406 3980 566 4035 ioloaontto.
643 3978 703 4035 m
724 3981 761 4031 stt
776 3972 923 4105 Effluet:
940 3968 982 4017 est
998 3979 1042 4020 ac·
