2476 4440
367 212 744 285 'crumdmrtcm
1007 208 1061 282 91
1085 266 1090 274 .

123 388 191 472 'lit
211 403 362 491 sequitur
377 409 493 472 natura
513 403 637 471 fauens.
678 408 714 471 at
732 409 767 470 te
785 398 859 470 leue
879 401 910 467 si
929 416 994 489 qua

81 528 121 587 10
142 523 263 609 Tangit
283 543 365 611 opus
386 522 587 611 pauidosque
606 498 900 608 iuuat'conpeliere
920 518 1038 589 dorcas
1113 548 1116 553 ·

141 642 210 708 Aut
231 646 365 709 uersuta
385 640 478 728 sequi
499 640 621 728 leporis
643 638 783 725 uestigia
802 638 906 728 parui,

129 759 330 829 vPetroniost
350 760 434 827 haec
453 759 536 827 tama
548 761 630 848 coni,
641 759 854 844 uolucresque
866 756 1064 844 Sycambros

139 876 189 946 Et
209 878 328 967 pictam
348 879 472 946 macula
493 877 675 945 uertraham
696 877 804 963 delige
824 875 920 942 falsa.

141 993 243 1063 (tcior
263 996 391 1064 adiectu
410 998 528 1064 mentis
548 997 710 1084 pinnaque
731 994 880 1084 cucurrit,

81 1116 131 1177 05·
146 1114 219 1182 Sed
239 1117 356 1202 premit
376 1116 528 1184 inuentus
549 1135 613 1182 non
634 1117 804 1185 inuentura
825 1113 981 1181 latentis·
1026 1134 1030 1141 ·
1053 1146 1056 1151 ·

139 1233 202 1300 Illa
222 1233 327 1324 ieras,
348 1253 438 1322 quae·
452 1234 618 1302 Petroniis
637 1235 723 1302 bene
743 1234 847 1320 gloria
867 1237 1007 1301 constat.

141 1349 266 1433 Quodsi
287 1358 411 1420 maturo
432 1358 627 1440 pressantes
647 1352 766 1438 gaudia
785 1352 859 1418 lusu

138 1467 358 1538 Dissimulare
379 1472 469 1536 feras
490 1444 644 1555 tacitique
664 1468 825 1537 accedere
844 1474 992 1556 possent,

142 1585 214 1651 Illis
235 1606 328 1655 omne
350 1584 462 1676 decus,
483 1583 568 1672 quod
587 1604 686 1673 nunc,
698 1590 915 1676 metagontes,
929 1584 1069 1673 habetis,

81 1707 121 1765 td
143 1703 319 1772 constaret
339 1704 438 1773 silua:
460 1703 520 1771 sed
542 1702 647 1771 uirtus
666 1704 758 1771 irrita
778 1702 894 1772 damno
916 1707 980 1770 est.
1060 1700 1063 1705 ’

141 1822 190 1888 'At
203 1829 357 1890 uestrum
377 1843 442 1890 non
465 1822 534 1890 ‚uile
560 1842 678 1911 genus,
699 1842 766 1891 non
787 1822 905 1910 patria.
926 1822 1024 1909 uulgo

141 1939 265 2027 Sparta
287 1960 366 2008 suos
387 1946 423 2009 et
445 1937 545 2009 Creta
566 1960 644 2010 suos
665 1942 822 2030 promittit
843 1941 1007 2010 arumnos=

141 2058 213 2127 Sed
234 2060 368 2146 primum
388 2060 479 2128 celsa
499 2038 610 2126 lorum*
624 2061 752 2127 ceruice
772 2058 941 2147 ferentem,

141 2174 323 2266 Glympice‚
343 2182 378 2243 te
399 2179 491 2244 siluis
512 2179 581 2265 egit
602 2178 759 2246 Boeotius
780 2177 934 2266 Hagnon,

81 2296 122 2357 15
141 2294 284 2380 Hagnon
303 2296 500 2385 tristiores,
513 2297 664 2386 Regnum,
683 2314 778 2384 quem
789 2296 925 2383 plurima
936 2312 1065 2383 semper

143 2412 259 2480 Gratia
280 2434 340 2501 per
361 2420 493 2484 nostros
514 2434 608 2483 unum
629 2416 805 2483 testabitur
823 2435 914 2482 usos.

140 2532 206 2598 Hic
226 2533 372 2619 trepidas
394 2534 531 2601 artis'et
551 2534 609 2601 uix
628 2533 775 2602 nouitate
796 2532 975 2601 sedentes·

142 2647 236 2712 Vidit
256 2667 320 2733 qua
340 2651 471 2735 propior
490 2652 596 2736 patuit
616 2651 670 2717 uia
690 2667 753 2715 nec
774 2650 836 2715 sibi
856 2646 983 2719 turbam

144 2746 316 2829 contraxit
337 2766 486 2832 comitem
505 2784 569 2832 nec
588 2784 669 2832 uasa
689 2764 837 2832 tenentia
856 2750 976 2848 longe(
1114 2844 1117 2849 ,

81 2886 122 2944 2⁰
144 2881 237 2947 Vnus
257 2880 453 2969 praesidium
474 2887 571 2969 atquc
593 2882 684 2969 operi
705 2901 784 2970 spes
803 2900 921 2968 magna
941 2882 1058 2973 petitor

142 2999 345 3086 Adsumptus
366 3006 519 3087 metagon
540 3001 658 3067 lustrat
677 3021 738 3089 per
758 2994 835 3068 notri
856 3001 996 3068 ferarum

141 3118 282 3207 Pascua,
302 3137 362 3205 per
382 3119 500 3207 sontes,
520 3136 581 3206 per
601 3121 683 3206 qua's
704 3120 825 3187 triuerc
844 3101 1001 3188 latebras.

143 3237 273 3304 Primae
292 3238 374 3307 locis
395 3220 497 3326 opust
515 3244 582 3306 tum
602 3238 698 3326 signa
718 3256 838 3325 uapore
858 3238 962 3307 ferino

81 3560 118 3612 w.
137 3562 216 3626 'ragit
232 3560 268 3613 A.
351 3563 414 3616 202.
432 3576 499 3661 pana
514 3563 554 3615 A.-
577 3564 649 3630 qood
669 3565 788 3632 current.
871 3564 933 3619 205.
950 3578 1004 3619 non
1020 3568 1062 3618 tn-

81 3666 158 3716 entur
174 3665 208 3715 A.
291 3663 352 3716 20⁷.
370 3670 526 3731 pressantes
547 3666 639 3730 gaudia
654 3667 688 3719 A.
773 3666 1061 3732 assandunam.

129 3762 192 3816 2⁰9.
209 3765 314 3815 haberis
331 3765 363 3818 A.
430 3768 491 3820 211.
508 3768 551 3817 Ad
567 3769 610 3819 A.-
632 3770 756 3822 correait
775 3768 935 3820 doduoonroo.
1001 3766 1060 3817 21³.

81 3867 153 3918 sera
168 3864 202 3916 a
287 3867 347 3918 aro.
369 3870 508 3938 munros
529 3871 664 3938 scalper.
749 3872 809 3926 ors.
832 3871 937 3936 peteret
957 3847 1002 3918 a}
1025 3863 1059 3919 A.

129 3964 190 4020 m
207 3966 293 4034 adque
308 3966 343 4021 A.
