2476 4440
284 33 331 81 o·
442 82 445 89 .

348 186 718 351 summopore-r..
981 226 1034 301 se

61 426 85 487 it
106 420 211 509 Quem
231 418 331 491 mittit
352 420 465 504 (modo
486 419 532 487 sit
552 419 669 507 gentili
690 418 850 508 sunguine
868 418 999 502 firmus)

86 532 275 629 'Quemque
296 538 461 607 coiorutus
482 536 606 606 Mauox
628 536 762 607 deserta
781 555 942 628 perarua

61 742 64 747 Ι
108 660 206 728 Puuit
227 662 261 726 et
283 656 436 724 assiduos
458 655 566 725 docuit
587 656 729 724 tolerare
748 656 888 725 iabores.

105 776 181 845 Neo
202 776 314 864 pigeat
335 773 420 863 quod
440 780 535 865 turpe
556 780 653 864 eaput
675 774 827 843 deformis
848 782 884 844 et
904 776 1016 855 uiuus,

101 894 176 987 Est
198 894 282 976 ollis,
303 892 451 982 quodque
471 895 630 984 intremere,
651 892 737 982 quod
757 894 840 961 liber
870 899 1016 984 uterque,

61 1000 89 1077 tii
109 1012 270 1099 Quodque
290 1013 373 1079 iubis
399 1033 520 1100 pronos
549 1014 660 1084 ceruix
682 1013 865 1081 diuerberet
885 1032 1005 1080 armos.

110 1132 197 1197 Nem
218 1131 303 1198 flecti
323 1130 431 1198 facilis
451 1132 640 1221 lasciueque
662 1134 747 1200 colla
767 1135 926 1219 sequutus

109 1249 213 1316 Paret
232 1250 266 1315 in
287 1249 475 1339 obsequium
496 1250 611 1318 lentae
632 1230 852 1318 moderamime
873 1248 1007 1335 uirgae:

107 1367 257 1435 Verbera
278 1373 357 1434 sunt
378 1371 560 1454 praecepte
569 1368 680 1457 fugae,
695 1373 773 1432 sunt
787 1367 927 1433 uerbere
942 1362 1037 1431 ireni-

107 1483 195 1566 Quin
217 1490 254 1551 et
273 1484 428 1572 promissi
449 1482 598 1569 spatiose
618 1501 679 1570 per
700 1501 844 1568 aequora
865 1480 970 1566 compi

61 1605 88 1663 ’θ
110 1596 269 1667 Cursibus
290 1599 465 1687 adquirunt
486 1603 644 1695 eommoto
664 1598 826 1686 sunguine
846 1596 935 1664 uires

108 1716 336 1806 Paulatimque
357 1716 474 1785 auidos
495 1719 631 1786 comites
645 1722 828 1807 posttergo
840 1716 1038 1803 relinquunt.

108 1834 208 1902 Haud
230 1853 328 1902 seeus
349 1836 462 1904 effusis
479 1836 584 1903 Nerei
604 1855 665 1925 per
686 1834 817 1904 eueruiu
840 1834 960 1923 uentis,
1020 1828 1028 1845 '

61 1979 66 1987 ·
111 1947 193 2020 (ium
214 1972 254 2021 se
276 1952 450 2021 Threicius
471 1953 600 2022 Boreas
621 1952 840 2043 superextulit
861 1956 958 2019 antro

112 2069 341 2157 Stridentique
363 2091 444 2138 sono
465 2078 579 2139 uastos
601 2072 762 2139 exterruit
782 2068 900 2157 undas,

61 2193 89 2255 tt
112 2187 232 2258 omniu
252 2189 383 2256 turbato
405 2196 578 2257 cesserunt
598 2190 728 2259 flumine
749 2193 874 2276 ponto}

110 2307 193 2394 lpse
213 2326 313 2394 super
332 2308 452 2374 fluetus
470 2309 634 2397 spumanti
654 2324 820 2375 murmure
834 2306 967 2374 feruens

109 2422 329 2513 conspicuum
350 2424 477 2514 pelago·
489 2434 587 2514 ceput
607 2428 739 2518 eminet,
758 2423 863 2495 omnis
887 2428 1018 2491 euntem

110 2524 291 2609 Nereidum
311 2542 429 2610 miratu
449 2564 508 2610 suo
529 2551 642 2633 stupet
661 2526 805 2633 aequore
825 2542 930 2610 turbu·

114 2659 241 2726 Horum
262 2656 358 2725 turdo
377 2659 468 2725 uenit
487 2660 578 2747 longi
598 2661 719 2727 fiducie
736 2678 862 2749 cursus,

61 2784 92 2844 o
116 2776 181 2845 His
203 2744 304 2842 etium
323 2775 457 2841 emerito
478 2775 573 2860 uigor
594 2784 648 2842 est
666 2777 819 2843 iuuenilis
841 2764 875 2841 in
896 2794 990 2842 oeou

114 2894 202 2960 Num
224 2909 433 2981 quaeeunque
452 2892 523 2959 suis
543 2892 648 2961 uirtus
667 2893 754 2961 bene
773 2876 881 2975 floruit
901 2894 1007 2983 annis,

114 3012 193 3078 Nou
213 3010 305 3099 prius
327 3015 379 3076 est
399 2998 507 3078 opimo
528 3028 627 3098 quum
644 3029 781 3099 corpore
791 3012 1038 3097 possuruinum.

114 3131 228 3198 Posce
245 3126 345 3214 igitur
364 3127 424 3196 sub
445 3146 526 3197 uere
546 3118 631 3196 nouo
651 3102 821 3219 ferrugine·
835 3129 921 3196 molli

116 3245 323 3330 cornipedes
342 3264 522 3335 uenomque
542 3246 604 3314 feri
627 3253 824 3336 ueteresque
844 3246 974 3317 labores

61 3364 265 3434 remouere
284 3368 420 3449 ospeotu
439 3365 525 3451 nigri
546 3383 617 3431 oum
637 3346 722 3433 lobe'
733 3364 867 3433 cruoris.

119 3481 204 3551 blox·
221 3481 332 3549 laetae
352 3481 546 3548 redemtio
566 3487 699 3570 pectore
718 3483 814 3551 ioru'u
833 3483 923 3551 uires
1027 3500 1031 3511 ¹

118 3596 169 3668 Et
187 3599 310 3667 nitidos
330 3604 422 3668 ortos
433 3596 588 3667 'distento
607 3599 723 3667 robore
742 3600 898 3694 formant3

121 3714 203 3789 Mox
222 3718 355 3809 sanguis
375 3717 469 3792 uenis
488 3718 603 3790 melior
623 3718 717 3803 tutet,
736 3714 785 3791 ire
803 3720 928 3795 uiarum

61 3992 268 4055 tuuuubue·
313 3994 539 4087 ¹zearosseo.
603 3967 812 4060 moereas

1076 4064 1155 4186 Ι
