2476 4440
402 188 683 311 namnum·
962 192 1035 311 ιιι

54 416 64 435 ’
93 426 247 515 Stuprum
267 426 401 515 generis
421 428 539 518 neutri,
559 432 596 495 ut
615 427 764 496 Naeuius
781 421 943 517 ‘maguum
964 434 1038 500 stu·
1106 514 1110 527 Ι

26 572 31 583 ·
157 567 247 641 prum
268 545 340 611 fieri
360 564 421 632 per
443 543 579 634 gentes?
1106 528 1115 549 '

94 663 391 751 Scalpergeneris
411 664 590 753 masculini,
620 664 706 730 sicut
733 664 853 755 culter,
884 672 920 734 ait
941 666 1038 735 Titus

156 782 287 849 Liuiusc
302 761 452 868 'quantus
473 781 600 869 quidam
621 783 783 868 scalprum
805 781 925 849 dicant.

53 901 73 962 li
94 897 198 969 Sidus
218 899 351 986 generis
372 898 495 989 neutri,
529 904 566 966 ut
593 898 750 986 Virgilius
772 895 894 967 ‘sidera
922 906 1038 970 cuncta

158 1014 270 1085 notat.’

96 1133 238 1203 Subales
264 1135 396 1222 generis
425 1134 583 1227 feminini,
612 1139 647 1201 ut
673 1134 833 1204 quencus
863 1130 1040 1225 ‘propriam

158 1253 246 1322 credi
271 1251 431 1322 subolem.³

93 1373 215 1442 Semen
236 1373 370 1459 generis
389 1372 516 1462 neutri,
546 1378 582 1441 ut
608 1371 767 1489 luuapaus
792 1365 888 1458 ‘uaga
915 1373 1040 1441 semina

24 1493 71 1552 10
157 1487 280 1557 famae?

96 1604 207 1692 Seges
227 1607 360 1693 generis
381 1607 543 1697 feminini,
555 1614 591 1676 ut
610 1606 688 1674 illud
713 1560 842 1695 ‘segete
865 1603 994 1675 decisa'

93 1721 232 1810 Signum
252 1726 387 1811 generis
408 1726 525 1817 neutri,
546 1731 582 1794 ut
602 1725 682 1794 illud
706 1720 814 1809 ‘signa
834 1725 957 1792 dabant
978 1741 1040 1810 pu·
1087 1816 1090 1821 Ι

157 1841 259 1929 pulis.²
682 1853 688 1867 ·
891 1840 894 1845 ’

93 1958 308 2048 Sepulchrum
340 1964 475 2052 generis
507 1963 633 2044 neutri,
676 1969 712 2031 ut
746 1962 825 2030 illud
855 1956 1040 2049 ‘sepulchra

13 2082 70 2144 15
157 2077 272 2147 nulta'

93 2194 244 2283 Serpens
270 2197 404 2283 generis
436 2198 625 2290 masculini,
660 2204 697 2267 ut
723 2198 927 2268 Prudentius
947 2193 1040 2264 'haec

135 2316 194 2381 ille
215 2334 354 2405 serpens
376 2336 432 2384 ore
454 2315 555 2383 dictat
577 2314 687 2405 regio?
889 2312 892 2319 '

94 2435 210 2502 Turris
230 2434 363 2520 generis
384 2434 537 2518 feminini,
559 2441 596 2503 ut
612 2431 707 2504 ‘haec
728 2433 844 2505 turris?

94 2553 234 2618 Tramas
254 2553 388 2636 generis
408 2554 592 2647 masculini,
608 2559 645 2622 ut
656 2554 813 2642 Virgilius
831 2549 959 2624 ‘ctuosi
970 2557 1040 2623 tra·

12 2677 74 2737 20
160 2665 291 2734 mitesl.

95 2784 200 2854 Teius
221 2786 356 2872 generis
375 2786 554 2877 masculini,
574 2793 611 2854 ut
620 2788 726 2855 Vama
742 2784 792 2855 ‘et
802 2791 889 2857 tusus
903 2787 1036 2855 scaber?

95 2904 224 2972 Trabes
244 2904 555 2996 generisleminini,
576 2911 612 2973 ut
631 2906 709 2972 illud
727 2903 859 2974 ‘multae
880 2905 1007 2991 trabes?

94 3024 239 3092 Turnum
260 3024 395 3111 generis
421 3022 607 3114 masculini,
637 3028 673 3093 ut
692 3022 870 3095 Maecenas
895 3022 1042 3094 ‘cardine
1123 3042 1133 3087 ι.

159 3141 271 3212 torno?

15 3324 54 3372 1.
72 3316 193 3370 Naeuius
214 3313 324 3377 (niuem
339 3316 407 3378 Ε.)].
424 3318 462 3383 cf.
480 3316 555 3368 Vest.
572 3319 602 3368 in
618 3332 649 3369 ιι.
674 3319 810 3383 stuprum,
838 3319 932 3371 Herm.
954 3321 989 3370 el·
1013 3320 1042 3373 d.
1153 3344 1156 3351 ·

14 3435 64 3472 ιιι.
90 3435 120 3483 p.
137 3416 197 3468 637.
282 3415 309 3467 4.
326 3418 440 3481 Liuius]
459 3419 558 3470 neutro
578 3432 679 3485 genere
700 3420 800 3469 fabrile
824 3422 960 3484 scalprum
995 3420 1042 3470 cia·-

22 3523 79 3573 :rit
95 3520 139 3586 27,
154 3519 203 3571 49.
278 3520 305 3569 a.
321 3517 470 3582 Virgilius]
485 3519 552 3572 Aen.
570 3524 597 3586 3,
615 3520 677 3574 515.
755 3520 1043 3586 ⁷.1uuencua]1,aa

18 3623 106 3683 (63).
176 3622 286 3685 propria
310 3620 422 3671 maridis
438 3620 559 3675 eumdem
575 3623 610 3673 Ε.
691 3625 717 3674 9.
735 3624 870 3673 quencus
886 3616 970 3686 (anrg'.
987 3621 1042 3680 ΕΉ

19 3724 61 3788 ἶΙ,
76 3721 140 3773 213.
196 3722 240 3775 10.
257 3723 337 3773 famae
352 3720 392 3772 Ε.
445 3721 648 3788 11.'segite1t'.,
704 3725 749 3776 16.
764 3725 938 3782 Prudentius]
954 3719 1040 3783 steph.

22 3824 81 3886 10,
97 3825 142 3872 36.
209 3821 599 3890 la.vngrlrus]qe.1,108..
654 3825 699 3877 21.
715 3826 819 3886 Varro]
837 3837 907 3890 quac
923 3832 1041 3884 sequun-

27 3926 86 3977 tur
107 3922 214 3988 rupea
231 3928 297 3979 suat
309 3937 352 3990 pc.
369 3926 399 3989 ²,
411 3925 472 3977 214.
540 3925 584 3976 28.
603 3926 720 3985 Ειιιιιιιιι
736 3928 764 3982 cl
779 3938 843 3982 meu
860 3925 943 3975 turno.
955 3919 991 3973 Ε.

10 4027 154 4095 ‚micenas
170 4025 205 4080 Ε.
296 4029 325 4080 iu
342 4026 450 4081 audine
462 4025 564 4090 amada
580 4026 656 4081 latet.
