2476 4440
892 77 946 145 ‘n

480 248 483 253 ·
573 252 614 264 -
657 231 743 280 xvln
786 248 828 261 ·-·

185 414 309 471 uersus
328 398 619 469 duodetricesimu's
635 400 671 467 in
684 400 768 469 libro
783 392 1031 465 vindobonensi
1050 393 1100 463 ita
1121 395 1204 463 sori·

184 528 268 610 pom
286 526 344 589 'est
362 518 420 587 Ad
439 519 561 586 woodo
587 520 694 606 osopio
720 516 907 619 eonnexlat
932 512 1142 602 terminetis,
1171 520 1205 581 et

183 639 373 727 {moneto
394 637 522 725 quidem
538 639 638 733 eliam
648 635 821 704 Parisinus
842 633 950 703 eodex
965 632 1077 722 babet,
1098 646 1207 720 nequo

188 763 300 825 umen
327 755 468 825 dubitari
498 761 610 843 polest
642 755 718 843 quin
750 759 842 821 reete
870 772 930 839 pro
960 769 1001 818 eo
1027 749 1201 834 foramine
1235 764 1237 769 '

184 875 271 941 rete
290 874 326 941 in
345 874 432 963 Ioogi
453 873 597 950 editione
612 873 760 962 'positum
781 871 835 938 sit·
863 868 1025 937 diffieil‘ror
1052 866 1200 956 quaestio
1235 874 1237 887 '

181 996 242 1059 est
260 991 304 1059 de
326 994 510 1059 commentat
527 992 696 1078 uooabmo,
723 1009 783 1078 pro
805 1009 868 1078 quo
889 989 924 1055 in
943 985 1099 1054 Parisino
1121 985 1200 1053 libro

183 1112 361 1178 munemel
377 1081 507 1199 legitur.
529 1111 600 1178 oum
622 1116 745 1176 certam
766 1107 1026 1176 emendationem
1047 1124 1118 1172 uon
1139 1104 1198 1171 bo-

185 1228 315 1318 berem,
346 1228 410 1296 sed
434 1246 478 1297 ne
509 1228 620 1295 uitium
649 1226 778 1315 quidem
813 1227 1045 1310 utrinsounque
1078 1222 1199 1291 'oodioio

183 1345 259 1423 aine
292 1345 425 1414 arbitrio
462 1346 561 1413 alteri
592 1344 758 1413 anteferre
792 1361 942 1433 possem,
979 1340 1199 1408 coniecturam

183 1463 387 1550 quantumuis
408 1463 564 1530 lubricam
584 1461 763 1550 periclitari
783 1459 883 1548 atque
909 1459 994 1527 odeo
1021 1459 1106 1525 intra
1126 1460 1200 1543 ipsa

182 1582 337 1662 earminie
358 1581 460 1649 uerba
474 1576 629 1668 r‘eoipere
650 1572 788 1649 ooaolus
807 1599 890 1645 sum.
921 1578 1087 1649 enimuero
1114 1573 1198 1663 quod

181 1696 296 1784 {rogus
317 1703 353 1764 et
375 1697 561 1766 Aesiander
581 1703 762 1785 posuerunt
782 1714 967 1783 conuerso,
997 1694 1032 1762 id
1053 1694 1197 1781 apertius

180 1820 218 1881 et
238 1814 417 1903 simplicius
444 1815 617 1891 uidebatur
642 1833 740 1902 qnam
764 1821 801 1882 ut
827 1821 922 1882 tanta
948 1812 1026 1881 inde
1050 1816 1195 1880 monstra

181 1933 276 2000 nasei
297 1932 472 2021 potuerint,
495 1949 602 2020 neque
622 1934 793 2022 monimo,
821 1932 908 2021 quod
929 1932 1024 2001 aliem
1044 1931 1080 1997 in
1101 1947 1195 1997 mon-

181 2055 248 2119 tem
269 2051 365 2119 facile
386 2050 516 2140 ueniat,
550 2051 684 2139 propius
712 2050 792 2118 illud
820 2051 949 2139 quidem
975 2050 1019 2119 ad
1045 2048 1195 2117 librorum

179 2167 446 2255 depredationem
471 2169 653 2260 accedens,
677 2170 886 2259 aptissimum
917 2188 996 2238 esse
1022 2167 1195 2236 existima-

129 2339 133 2347 .
179 2286 272 2354 bomo
292 2292 404 2374 aptum
416 2292 529 2376 esset,
548 2287 580 2353 si
600 2287 727 2355 dioeret
747 2293 846 2376 poeta
862 2307 928 2375 per
948 2288 1071 2354 wama
1090 2286 1194 2370 foro-

178 2405 282 2472 amaa.
313 2404 435 2492 scripsi
462 2421 631 2473 οοηαεαεαὋ
673 2425 769 2494 quam
795 2407 943 2475 noeabnli
968 2405 1102 2473 formam
1130 2403 1194 2473 etsi

177 2521 333 2589 adieetiui
352 2524 516 2610 propriam
537 2543 616 2590 esse
638 2530 673 2619 et
693 2523 937 2593 inclinationem
950 2539 1092 2591 oonoauo
1109 2538 1193 2588 eon-

176 2639 310 2707 trarium
330 2640 517 2726 significare
535 2641 667 2709 abunde
688 2646 829 2723 constat,
854 2647 962 2709 tamen
983 2637 1111 2725 origine
1134 2655 1191 2704 sua

175 2759 221 2829 ad
241 2759 446 2827 oonuebendi
467 2761 601 2828 uerbum
621 2760 830 2827 referendam
851 2777 930 2826 esse
957 2762 1052 2847 patet
1078 2756 1190 2824 uerbi-

175 2894 239 2965 que
265 2877 538 2964 significationem
564 2898 631 2945 non
659 2879 794 2947 omnino
817 2877 1004 2965 perdidIsse
1040 2873 1190 2962 uestigiis

175 2994 369 3081 quibusdam
394 2996 466 3061 ueri
495 2996 604 3063 simile
631 2996 677 3062 nt
721 2994 809 3083 apud
830 2995 1018 3082 Virgilium,
1045 2993 1134 3061 Aen.
1155 2988 1191 3082 7,

176 3107 257 3177 543
279 3132 328 3199 s,
352 3111 436 3179 baeo
456 3111 610 3199 leguntur
637 3113 681 3179 de
708 3113 808 3181 Furia
828 3112 970 3182 Deserit
987 3110 1190 3199 [deopertam

173 3230 208 3294 el
227 3228 316 3295 coelo·
334 3247 493 3296 conuento
508 3249 576 3316 per
596 3250 705 3298 ouroa
725 3231 889 3300 Iunonem
902 3231 1031 3298 ulobo'o:
1046 3227 1188 3316 adfatur

171 3362 257 3412 uoce
283 3343 440 3432 superbo.
472 3347 535 3414 lroo
563 3367 676 3416 omnes
706 3349 780 3418 libri
810 3354 959 3417 tuenturz
996 3367 1073 3416 nam
1105 3342 1217 3435 quod'

172 3463 292 3549 Mureti
325 3464 432 3531 codex
465 3463 565 3533 babet
598 3469 754 3534 oooneoa
785 3472 902 3555 aperte
940 3466 1091 3532 uitiosum
1124 3469 1187 3552 est,

172 3581 259 3669 quod
285 3587 393 3648 autem
419 3583 455 3648 in
476 3583 626 3651 Medioeo
653 3585 834 3675 inuenitur,
867 3601 971 3650 sensu
998 3603 1063 3650 non
1090 3581 1187 3648 rmlde
1234 3652 1235 3660 χ

170 3697 342 3784 laudabili,
368 3716 555 3790 conuerso,
585 3703 620 3769 id
647 3703 794 3769 secunda
820 3720 951 3790 manno,
986 3701 1049 3767 sed
1081 3705 1186 3784 uobis,

169 3816 304 3884 mutauit
324 3817 359 3881 in
381 3835 557 3908 connexo,
591 3821 783 3888 uocabulum
809 3818 946 3907 reliquis
973 3818 1066 3885 libris
1087 3823 1185 3905 atque

169 3937 302 4024 antiqua
323 3937 518 4005 anctoritate
539 3939 624 4006 satis
644 3937 877 4008 confirmatum.
926 3933 1037 4006 Seruii
1065 3936 1183 4004 uideli-
