2476 4440
480 216 751 281 .'-xxm-

113 401 165 470 uti
186 396 447 489 Wernsdorllns,
466 403 555 489 poet
576 400 653 468 liat·
673 398 749 469 min.
770 405 796 466 t.
823 398 841 464 l
867 418 900 486 p.
918 392 981 488 19,
999 395 1049 465 ita
1069 414 1131 485 ego

113 538 246 608 quoque
276 517 481 587 referendam
510 520 633 606 putaui.
665 538 732 587 non
764 522 913 605 poteram
941 521 1051 583 autem
1084 513 1133 580 uti

113 657 250 727 operum
276 635 420 706 Pontani
447 634 557 703 solnta
585 635 732 703 oratione
764 635 960 722 scriptorum
979 631 1132 721 exemplo

112 755 347 845 Neapolitano,
367 775 478 824 uerum
499 752 693 840 transcripsi
705 752 768 820 has
783 753 914 820 litteras
927 770 970 820 ex
986 751 1131 820 aditione

113 873 239 942 Aldina
257 880 301 958 (t.
325 871 363 961 8,
383 873 406 939 l.
429 868 538 954 299).
576 868 760 939 ‘Pantanus
779 869 930 958 Syncero
950 870 1050 939 animi
1069 867 1130 934 tir-

112 994 262 1061 mitatem
282 992 317 1059 d
338 1011 422 1080 quac
441 991 485 1060 ad
508 988 701 1059 Pudericnm
722 989 902 1080 scripsisti,
926 1008 968 1058 ea
993 1007 1046 1058 me
1066 985 1131 1056 mi·

109 1108 238 1177 rilicum
257 1109 293 1177 in
312 1108 440 1177 modum
460 1108 676 1179 delectarunt.
713 1114 790 1176 suut
817 1110 903 1177 enim
929 1106 1029 1197 plena
1054 1105 1130 1195 pie·

110 1227 195 1295 tatis
224 1233 301 1296 tuae
327 1244 409 1314 erga
435 1233 634 1295 uetustatem
669 1245 712 1293 ac
743 1226 944 1314 diligentiae.
978 1223 1130 1315 quocuca

110 1346 166 1412 uel
186 1344 399 1414 auantissime
419 1351 562 1433 expecto
583 1345 698 1413 uidere
720 1343 901 1414 Ouidiauos
929 1345 1005 1413 illos
1024 1340 1129 1430 pisci-

110 1462 205 1531 culos
230 1465 267 1533 iu
293 1462 427 1531 Euxino
457 1463 636 1529 lusitantes
664 1461 896 1547 Maeotideque
928 1463 963 1527 in
995 1458 1127 1547 palude.

108 1579 199 1668 quod
218 1598 297 1648 uero
318 1579 362 1648 ad
382 1580 590 1648 uenationem
609 1578 739 1660 attinet,
757 1577 849 1645 nisus
870 1584 924 1646 est
938 1578 1016 1647 mihi
1032 1583 1129 1645 uates

109 1696 167 1763 ille
187 1695 318 1783 lepidus
337 1717 531 1767 numerosos
550 1702 585 1765 et
606 1697 724 1764 cultus
752 1695 946 1786 loquerer,
979 1696 1009 1764 si
1034 1698 1129 1764 reete

109 1814 257 1904 memini,
288 1814 325 1882 tit
346 1817 387 1883 ab
407 1816 596 1904 Apollinare
622 1816 744 1883 mentio
759 1815 806 1887 ‚in
830 1812 1126 1903 hendecasyllabis.

110 1932 268 2000 Rutiliani
298 1932 347 1999 illi
373 1934 527 2001 uersiculi
554 1932 680 2002 enodes
705 1939 787 2001 sunt
813 1941 848 2001 et
874 1933 990 2022 nitidi,
1021 1932 1128 2000 cultus

110 2068 188 2117 uero
208 2051 283 2140 ipse
302 2053 496 2139 peregrinus
517 2054 626 2141 potius
647 2054 925 2142 quamprimum,
955 2070 1000 2119 ne
1021 2050 1127 2119 dicam

108 2170 301 2241 arcessitus.
338 2170 399 2237 sed
427 2170 470 2238 de
499 2171 552 2237 his
580 2172 724 2241 omnibns
756 2171 848 2237 cuins
880 2169 944 2237 erit
974 2167 1125 2235 iudicium

105 2287 233 2355 rectius
253 2292 312 2354 aut
330 2289 498 2374 probatius
520 2306 614 2376 quam
635 2282 750 2357 tuum?
776 2306 855 2380 ego,
876 2294 912 2356 ut
932 2287 1012 2369 dixi,
1034 2286 1126 2355 niri-

106 2404 170 2473 ica
199 2411 339 2494 expecto
362 2403 543 2475 Ouidianos
569 2407 644 2476 illos
670 2405 809 2485 oarm’
834 2406 918 2490 (sic)
943 2400 1050 2473 ‘nobis
1070 2402 1125 2473 in·

107 2523 270 2612 cognitos,
289 2530 486 2613 praesertim
511 2526 571 2592 sub
593 2524 873 2614 quadragesimale
899 2523 1063 2592 ieiunium.
1090 2526 1125 2586 ta

106 2641 187 2705 uale
208 2646 244 2706 et
267 2642 302 2706 in
332 2643 398 2707 isto
417 2643 600 2709 uoluntario
621 2644 720 2711 exilio
749 2663 810 2709 seu
825 2642 946 2728 potius
974 2640 1125 2727 peregri-

105 2755 244 2823 natione
278 2755 407 2842 dignam
443 2758 614 2825 nobilitate
659 2766 717 2824 tna
751 2756 973 2825 fortitudinem
1005 2756 1123 2821 retine.

104 2872 251 2960 Neapoli
277 2872 384 2943 idibus
410 2875 607 2942 Februariis
636 2869 885 2942 mcooooffl:
924 2870 967 2939 de
994 2869 1126 2958 Apolli-

105 3013 189 3063 nare
210 2986 343 3063 enauit.
363 2995 464 3060 etiam
485 3013 530 3060 ex
550 2993 645 3061 Petri
656 2990 862 3081 Summontii,
881 2988 1021 3057 nominis
1032 2989 1125 3057 Pon·

106 3119 196 3200 tanc,
217 3111 309 3179 onias
330 3129 431 3197 opera
451 3116 685 3198 postmortem
707 3112 782 3178 eius
800 3108 939 3177 collecta
954 3107 1069 3190 edidit,
1088 3113 1124 3175 et
1188 3116 1195 3131 ·

106 3227 315 3301 munnio
335 3228 587 3318 familiarissimi,
606 3228 727 3297 litteris
747 3227 791 3295 ad
811 3227 1024 3297 Franciscum
1051 3228 1123 3295 Pu-

106 3346 251 3415 dericum
272 3346 441 3436 patricium
453 3347 706 3436 Neapolitanum
725 3345 860 3434 scriptis
880 3365 964 3434 quae
979 3346 1022 3414 ad
1037 3346 1123 3417 hauc

106 3464 362 3552 disputationem
382 3466 587 3554 pertinerent
606 3464 788 3551 repetenda
809 3452 935 3533 censui.
970 3466 1122 3554 leguntur

104 3583 142 3650 iu
163 3600 295 3670 operum
316 3582 460 3651 Pontani
473 3590 504 3650 .t.
527 3581 551 3650 2
573 3583 597 3649 ι’.
621 3580 727 3650 toa».
750 3582 793 3649 dc
814 3580 1020 3653 Sannanario
1041 3607 1121 3656 nar·

104 3718 189 3769 rans
207 3697 427 3769 Summontius
445 3699 590 3771 ‘aduexit
611 3698 719 3789 nuper’
742 3700 847 3789 inquit
864 3699 919 3771 ‘ex
932 3704 1120 3772 lieduorum

105 3837 212 3906 usquc
240 3817 356 3894 finibus
381 3827 481 3907 atque
503 3838 524 3889 e
546 3819 735 3889 Turorrilrus
756 3819 843 3887 dona
869 3821 1028 3908 quaedam
1056 3822 1120 3885 mi-

108 3957 177 4009 rum
197 3937 233 4005 ia
254 3935 380 4007 modom
400 3938 559 4025 placitura
578 3938 720 4007 literatis
740 3939 837 4026 ratris,
863 3935 1025 4005 Martialis
1047 3935 1119 4000 An-
