2476 4440
192 184 195 189 ¹
233 244 287 318 ae
411 126 477 265 b·
637 237 834 310 enain

315 427 577 519 obsequiturque
597 427 670 519 deo,
691 427 773 495 deus
792 426 882 495 illan
902 425 1045 495 molliter
1063 446 1158 498 uram

315 550 446 618 Lambit
465 553 501 614 et
520 549 592 635 ipse
617 566 697 614 suos
717 546 771 614 ubi
792 546 928 633 contigit
947 548 1040 634 ignie-
1058 547 1164 617 boner
1204 631 1209 649 Ι

317 668 453 755 Defugit
474 667 514 734 ab
535 666 640 732 saeris
661 682 850 752 rursumque
875 665 1065 733 recenditur
1086 673 1206 735 antror-

234 794 296 856 466
316 772 402 857 Huic
423 787 476 852 tas
496 785 648 853 auxilium
670 789 704 849 et
725 783 884 849 Vulcania
906 787 1045 870 tangere
1065 785 1165 855 dune.

317 907 391 974 Nee
411 923 514 971 mora:
536 902 567 969 si
585 902 710 969 medias
730 901 844 968 exedit
863 901 963 969 noxia
983 902 1096 996 libres,
1206 982 1210 987 ,

317 1024 382 1095 iiis
402 1021 478 1089 laue
497 1021 671 1109 praesidiis
691 1020 886 1108 adiectaque
908 1038 1046 1109 corpora
1064 1002 1199 1121 rnuleq]¹

317 1140 527 1229 Regnaniem
554 1139 726 1207 excutiens
750 1140 905 1207 morbum.
948 1139 1181 1234 densaretur,

919 1259 995 1346 ipsa
1205 1258 1208 1263 '

319 1381 435 1450 Artem
456 1378 538 1447 aluit
557 1380 673 1445 natura
694 1396 797 1444 suan.
817 1394 902 1464 quae
923 1378 1039 1445 rebare
1055 1380 1166 1464 pestis

236 1502 300 1565 466
320 1500 437 1568 Aerior
457 1502 513 1565 aut
532 1496 599 1565 leto
620 1495 751 1584 propior
771 1488 850 1562 uia?
875 1496 937 1564 sed
956 1502 1063 1563 tamen
1082 1496 1136 1563 illi

319 1618 407 1687 Hine
427 1608 518 1683 uenit
537 1614 691 1682 auxilium
710 1612 821 1681 ualida
839 1614 1023 1683 nementius
1041 1616 1104 1685 ira.

198 1814 201 1819 ,
262 1736 267 1742 ·
319 1734 414 1819 Quoi
434 1735 568 1823 primam
588 1733 619 1800 si
637 1732 729 1800 erret
750 1750 844 1820 opem
864 1732 1000 1802 dimissi
1019 1718 1172 1825 saeuius,

319 1854 369 1920 At
389 1858 424 1920 tu
444 1852 652 1939 praeeipitem
673 1870 737 1939 qua
758 1869 836 1937 spes
858 1857 912 1918 est
931 1852 1079 1938 proxima
1101 1853 1195 1920 laben

320 1968 526 2059 Adgredere.
567 1970 601 2036 in
623 1970 728 2038 subito
750 1970 891 2038 subitast
909 1968 1071 2037 medicina
1093 1963 1187 2037 tumul

238 2093 301 2155 476
322 2088 546 2176 stringendae
566 2107 665 2156 nares
686 2094 722 2155 et
742 2088 819 2157 bina
840 2088 996 2177 ligamina
1017 2090 1105 2157 serre

322 2209 492 2276 Armorum
512 2207 704 2295 geminaque
726 2225 820 2273 eruor
840 2206 1010 2275 ducendus
1029 2209 1071 2277 ab
1094 2228 1185 2276 aure:

322 2324 411 2409 Hine
431 2323 552 2413 uitium,
572 2323 648 2391 hine
662 2324 784 2391 illaesi
796 2324 912 2394 addae
925 2314 1167 2417 uelifflentiap
1191 2314 1196 2323 '

322 2440 419 2509 llieet
439 2440 571 2510 auxiliis
589 2442 711 2511 sessum
732 2442 883 2513 solabere
903 2420 1023 2531 earpus'

320 2558 572 2649 subsidensque
591 2562 700 2631 traces
719 2560 895 2649 detuseqte
914 2554 1061 2627 llassiea
1079 2562 1189 2647 prisea

229 2680 303 2763 Atii
323 2677 455 2769 Sparge
476 2679 574 2767 eade:
596 2680 698 2747 Liber
718 2680 827 2748 tenuis
849 2698 869 2749 e
891 2676 1021 2769 pectere
1042 2697 1143 2748 curas

323 2798 459 2887 Exiget,
479 2804 533 2867 est
552 2800 662 2868 niorba
682 2798 784 2866 Liber
803 2798 962 2867 medicina
986 2797 1118 2865 furenti.

324 2915 411 3000 Quid
431 2916 537 2984 dicam
556 2917 669 3008 tussis,
689 2916 765 3004 quid
786 2915 906 2985 maesti
923 2914 1043 2983 damna
1062 2915 1194 2985 ueteri·

258 3074 262 3082 ·
324 3034 602 3115 Autineuruatae
624 3035 753 3123 siquast
772 3035 877 3103 tutela
897 3023 1092 3121 podagrae?

241 3290 307 3345 467.
324 3289 483 3356 obsequitur
498 3290 549 3343 deo
565 3291 599 3344 A.
678 3304 754 3348 arura
769 3292 804 3348 Δ.
882 3290 943 3345 tie.
958 3290 1082 3357 conliget
1096 3290 1166 3357 ignis

242 3390 277 3445 A·
348 3392 408 3444 466.
426 3393 518 3446 Desunt
533 3406 567 3445 ae
586 3393 620 3445 A.
704 3395 765 3447 466.
783 3395 911 3461 uulgaria
934 3393 968 3444 A.
1054 3391 1118 3443 466.
1136 3404 1167 3442 au

113 3482 116 3487 ’
243 3494 388 3555 opproplor
403 3491 437 3543 A.
511 3494 572 3545 466.
590 3497 641 3545 iiie
656 3494 690 3546 A.
773 3497 835 3549 doe.
852 3495 896 3545 Ad
912 3493 946 3545 A.
1021 3490 1084 3544 469.
1101 3492 1191 3541 subitas

241 3591 278 3645 A.
343 3593 407 3646 470.
425 3596 585 3660 stringende
595 3596 629 3648 A.
696 3599 759 3649 bina
776 3612 841 3664 epo:
857 3608 894 3646 na
909 3594 943 3644 A.
1011 3594 1076 3645 476.
1093 3588 1194 3665 111166.Ι

309 3694 433 3745 souuore
448 3695 481 3747 A
565 3698 625 3752 474.
643 3700 780 3764 uernam
797 3698 823 3748 A
840 3694 999 3759 (annaque
1016 3707 1083 3747 ceo
1222 3664 1226 3678 ’

244 3796 371 3859 scaliger
398 3795 622 3860 distaremus).
707 3798 770 3851 476.
801 3797 921 3847 tenuisse
944 3792 979 3847 A.
1069 3794 1132 3846 476.
1209 3849 1213 3877 Ι,

249 3892 460 3961 Wernedorfim.
534 3902 589 3962 est]
606 3905 634 3955 et
649 3900 681 3953 A.
755 3898 817 3954 477.
834 3899 944 3957 maestis
960 3894 994 3948 A.
1077 3892 1232 3973 neem<

310 3994 377 4050 478.Ι
387 3999 495 4064 aequest
510 3998 543 4053 A.
858 4002 861 4007 '
