2520 4440
285 1340 837 1466 PRAEFATIO.

59 1605 118 1715 St
139 1664 204 1733 qua
215 1653 292 1714 sunt
307 1649 340 1716 in
355 1648 418 1717 boc
437 1649 597 1718 uolumine
610 1667 691 1738 quae
704 1646 886 1717 conducere
897 1638 1071 1712 uideantur·

57 1764 299 1854 grammaticae,
319 1767 402 1837 baec
422 1768 529 1836 omnia
549 1786 623 1835 nou·
635 1773 701 1834 tam
713 1764 939 1851 mihiacoepta
951 1761 1070 1830 reterri
1209 1743 1216 1749 ’

59 1883 152 1969 cupio
175 1901 272 1970 quiam
292 1885 371 1952 uiris
392 1885 540 1954 doctrina
561 1891 598 1953 et
617 1884 818 1952 humanitate
848 1880 1092 1981 praestantis-¹

58 1998 149 2065 simis
170 2002 224 2087 qui
246 2002 474 2072 bibliothecam
494 2002 670 2091 palatinam
692 2001 978 2070 vindobonensem
998 1995 1072 2063 usui

10 2094 12 2105 ¹
58 2136 130 2185 meo
151 2115 242 2185 lanta
262 2120 462 2190 liberalitate
489 2127 733 2189 concesserunt.
763 2139 838 2188 nam
865 2117 985 2201 iugens
1012 2112 1071 2180 ἰΙΙθ

10 2266 12 2337 3
57 2234 239 2302 litterarum
265 2234 441 2304 thesaurus
479 2238 586 2305 omnia
620 2237 697 2304 mihi
729 2232 952 2325 suppeditabit
986 2250 1072 2320 quae

10 2370 22 2459 p,
57 2350 121 2419 boc
140 2351 249 2421 libello
273 2356 577 2442 comprehendenda
598 2353 730 2444 censni3
750 2371 812 2440 ego
826 2342 905 2445 uero
920 2352 951 2418 si
963 2348 1072 2439 quoad

10 2462 14 2481 ²
58 2470 148 2537 uires
176 2475 211 2538 ct
236 2492 400 2559 praesens
438 2474 607 2542 consilium
640 2460 872 2561 permittebant
905 2470 1072 2559 per-polire

11 2628 15 2683 i
59 2595 280 2672 comparatam
312 2592 481 2659 materiem
517 2595 552 2658 et
583 2589 626 2658 ad
663 2591 837 2657 utilitatem
869 2589 1072 2655 conformare

12 2782 15 2787 ¹
60 2707 198 2771 conatus
226 2724 314 2792 sum,
347 2707 426 2773 nihil
459 2709 514 2791 egi
541 2706 679 2793 amplius
707 2725 803 2792 quam
830 2704 916 2790 quod
942 2702 1073 2771 bonitas
1128 2750 1132 2761 .

12 2798 17 2827 ¹
60 2819 131 2888 eius
153 2825 188 2887 et
208 2820 281 2908 ipse
301 2822 358 2891 ille
379 2822 553 2891 amicorum
580 2818 878 2890 vmdobonensium
899 2819 990 2889 sanor
1009 2800 1084 2887 da?

12 3014 20 3039 Ι,
61 2938 220 3024 gitabant.

11 3064 16 3103 ⁴
146 3055 274 3124 Dudum
295 3057 328 3125 in
349 3060 503 3128 memoria
523 3079 597 3128 mea
617 3058 810 3127 insederant
823 3076 906 3146 qnae
918 3056 1073 3125 Andreas

58 3174 243 3243 Guilelmus
271 3152 446 3245 Cramerns
471 3178 507 3245 in
535 3177 699 3247 chronicis
730 3174 919 3245 domesticis
938 3174 1008 3242 suis
1029 3172 1072 3242 de

10 3312 13 3323 ¹
65 3293 330 3381 cynegeticomm
365 3295 471 3363 Gratii
506 3296 620 3364 codice
646 3291 894 3362 vindobonensi
914 3293 1071 3360 narrauit.

10 3406 14 3493 ξ
61 3431 137 3480 nam
159 3431 229 3478 cum
251 3412 404 3480 carminis
425 3414 540 3501 huius,
560 3410 733 3515 mediocris
755 3410 904 3498 quidem,
925 3409 986 3476 sed
1007 3430 1073 3477 non

10 3502 15 3633 ἔ
63 3529 289 3597 contemnendi
326 3536 435 3599 tamen
462 3532 692 3620 grammatico,
719 3549 764 3597 ex
795 3546 858 3617 qno
886 3528 1022 3618 primum
1052 3548 1073 3597 a
1120 3534 1124 3541 '
1209 3600 1218 3635 ⁵

11 3640 14 3703 ἶ
62 3644 206 3729 Georgio
233 3646 327 3733 Logo
355 3648 474 3716 editum
502 3654 572 3737 est,
601 3647 720 3716 nullum
749 3647 919 3735 exemplar
939 3648 1074 3739 antiqua
1129 3688 1143 3717 ,
1218 3648 1226 3661 “

10 3824 14 3849 ,
63 3776 161 3830 manu
182 3772 350 3834 exaratum
369 3785 392 3835 a
411 3787 569 3856 quoquam
589 3770 823 3852 pertractatum
843 3784 923 3834 esse
944 3765 1079 3848 scirem·

10 3890 13 3905 '
65 3887 293 3970 praeterquam
312 3884 399 3972 qnod
418 3886 572 3956 Parisino
592 3886 717 3976 codice,
737 3885 791 3975 qni
812 3884 933 3972 primos
945 3883 1074 3947 centum
