2520 4440
152 184 206 259 sa
564 130 752 291 enarro
808 162 811 167 ’
858 222 861 227 -

235 373 417 461 Morborum
436 372 472 445 in
492 372 571 442 uitio
592 375 697 443 facilis
716 373 791 442 meri

198 588 201 593 .
234 491 304 561 seu
323 496 413 560 taeta
433 492 586 582 inpositis
605 495 747 562 mulcent
766 514 788 582 p

235 609 292 691 (ld
312 600 415 694 satiei)
437 618 494 680 aut
515 613 627 698 nigrae
642 613 761 680 circum
770 609 854 699 picis
865 611 1003 698 unguine
1013 611 1127 699 signan

234 726 359 811 Quodsi
380 729 536 798 destricto
557 728 641 795 leuis
661 735 715 796 est
736 731 770 797 in
791 731 923 800 uulnere
944 752 1043 819 noxa,

149 847 212 909 365
231 848 310 936 Ipse
332 848 432 920 babet
452 848 604 918 auxilium
623 847 752 916 ualidae
773 852 884 919 natale
905 850 1038 919 saliuae.

232 968 296 1037 llla
316 969 427 1055 grauis
447 968 596 1049 labeset
617 972 729 1032 curast
749 967 941 1059 abieritis,
980 1031 983 1037 ,

72 1072 111 1140 -“
233 1086 314 1154 Cum
334 1086 443 1152 uitium
465 1103 585 1152 causae
598 1082 686 1159 ,totis
708 1104 806 1171 egere
827 1087 970 1156 latentes

232 1203 429 1291 Corporibus
449 1222 587 1291 seraque
607 1203 751 1290 aperitur
763 1204 868 1271 noxia
888 1225 1022 1272 summa.

229 1322 312 1391 Inde
334 1323 455 1391 emissa
474 1322 546 1389 lues
567 1326 602 1389 et
623 1341 682 1409 per
703 1322 854 1408 contagia
874 1323 975 1388 morbi

34 1502 36 1511 .
147 1448 210 1507 37⁰
230 1442 364 1511 Venere
384 1441 419 1508 in
440 1440 568 1526 uulgrrm
587 1441 741 1527 iuxtaque
760 1440 926 1508 exereitus
945 1440 1063 1526 ingens

208 1602 211 1607 =
231 1560 374 1650 Aequali
395 1561 454 1628 sub
475 1560 549 1628 labe
569 1560 635 1627 ruit
654 1578 717 1627 neo
736 1558 857 1626 uiribus
879 1558 953 1624 ullis

230 1680 302 1749 Aut
322 1680 437 1747 merito
459 1679 587 1747 ueniast
607 1683 664 1743 aut
684 1696 764 1764 spes
786 1677 876 1744 exire
896 1675 1056 1765 precanti.

232 1793 328 1878 Quod
348 1797 420 1862 siue
441 1815 462 1861 a
483 1794 602 1881 Stygia
623 1795 722 1862 letum
744 1782 943 1882 Proserpina
964 1801 1061 1862 noete

163 1907 168 1917 '
231 1911 360 1979 Extulit
382 1918 417 1978 et
436 1912 544 1977 Furiis
565 1888 766 1979 commissam
786 1913 952 1979 ulciscitur
972 1913 1065 2000 iram,

146 2032 210 2127 ‚³⁷5
231 2031 430 2101 seruitium
452 2049 496 2097 ex
517 2029 581 2097 aito
603 2031 769 2118 spiratque
790 2031 962 2118 uaporibus
983 2031 1099 2097 aether

229 2150 417 2241 Pestiferis‚
437 2169 497 2217 seu
517 2154 607 2217 terra
628 2168 706 2215 suos
727 2148 897 2238 populatur
917 2148 1072 2237 honores,

229 2271 368 2336 Fontem
389 2273 503 2333 auerte
524 2267 609 2333 mali.
632 2273 724 2333 trans
745 2267 830 2333 altas
851 2266 972 2334 dooere
995 2267 1097 2332 ealles

148 2473 152 2480 .
228 2386 399 2455 Admoneo
420 2384 581 2470 latumque
601 2383 676 2468 iuga
697 2383 894 2468 superabitis
915 2403 1049 2448 amnem.

229 2503 304 2572 Hoc
323 2502 627 2592 primumetiugium
647 2500 716 2567 leti.
739 2504 816 2565 tune
835 2499 911 2564 fieta
933 2499 1085 2564 ualebunt

146 2625 209 2686 380
230 2620 363 2689 Auxilia
384 2625 420 2687 et
440 2623 556 2687 nostra
576 2617 703 2707 quidam
725 2617 810 2685 redit
831 2637 909 2682 usus
931 2615 971 2681 ab
994 2621 1077 2682 arte.

231 2737 302 2833 Ser
323 2739 405 2807 uarii
418 2743 530 2805 'motus
551 2756 612 2805 nee
633 2737 667 2803 in
687 2737 831 2804 omnibus
852 2754 916 2801 una
936 2741 1101 2823 potestas:

100 2919 106 2932 .
230 2859 335 2927 Disce
355 2859 446 2925 uices
468 2863 503 2924 et
523 2874 606 2943 quae
627 2854 763 2923 tutelast
782 2855 929 2941 proxima
950 2858 1083 2938 tempta.

231 2978 385 3046 Plururna
405 2994 464 3062 per
485 2975 611 3041 catulos
632 2972 739 3039 rabies
759 2971 942 3058 inuictaque
963 2969 1066 3035 tardis

230 3093 433 3177 Praecipitat
452 3090 551 3158 letale
571 3088 701 3157 malum:
723 3091 773 3154 sio
793 3088 892 3167 tutius
913 3105 990 3173 ergo

1121 2690 1129 2723 t

136 3328 211 3388 bet.
225 3332 355 3384 medicina
370 3333 474 3385 reeentt
487 3342 513 3383 e.
597 3327 656 3378 ebt.
672 3326 726 3379 Sed
740 3326 782 3378 A:
807 3331 932 3380 emanet
947 3329 1082 3382 Heinsbu.

152 3415 292 3500 inpossitis
308 3434 342 3486 A.
424 3431 552 3499 poenaria
567 3430 661 3494 palmis
676 3442 702 3480 c.
785 3430 847 3479 866.
865 3442 943 3481 carrae
960 3432 999 3481 A:
1027 3444 1117 3483 corre!

147 3503 284 3590 nonus.
367 3535 429 3587 aaa.
444 3533 544 3587 moron
559 3530 601 3583 A.-
624 3531 750 3607 correua
769 3529 879 3583 uterus.
961 3533 1023 3583 aro.
1040 3536 1081 3581 rus

144 3615 190 3690 'Ar
206 3637 333 3688 correxit
352 3634 488 3688 Pttboeas.
539 3610 632 3683 ew.
653 3634 792 3696 praeeantl
808 3633 841 3683 Α.
925 3632 984 3682 374.
1009 3635 1081 3683 fortir

148 3739 274 3790 conruit
288 3736 447 3787 Iobnsonuo.
519 3733 578 3784 ³76.
593 3746 644 3784 seu
660 3736 746 3794 terra]
764 3735 787 3781 si
802 3733 899 3783 lttaera
915 3732 949 3782 A.
1024 3733 1080 3782 378.

148 3839 295 3903 pertrahitis
310 3836 345 3889 Δ.
411 3838 472 3887 379.
488 3837 537 3888 latr·
553 3833 588 3884 A.
662 3832 875 3899 asseruerunt
890 3833 933 3887 A:
955 3837 1080 3887 corrasit

149 3941 252 4007 ttoeau·
318 3937 416 3995 laetale
432 3937 467 3990 Δ.
534 3935 646 3989 nautius
662 3933 697 3985 A.
