2476 4440
581 248 787 297 ...w-

182 427 218 487 et
238 417 499 504 undesexaginta
519 438 637 485 uersus
656 417 820 506 eontinet,
845 435 910 484 non
930 414 1011 482 nulli
1030 415 1082 482 nsi
1102 423 1189 497 aunt,

182 538 466 626 operaepretium
492 536 637 605 santonas
663 557 742 605 esse
769 535 847 603 mibi
873 533 1044 600 uidebatur
1064 533 1096 598 ai
1118 535 1189 620 qnia

170 656 293 759 “librum
326 655 610 724 vindobonensem
642 657 816 741 diligenter
848 652 1069 738 examinaret,
1104 651 1189 718 unde

179 752 307 861 nartem
327 773 522 864 mendarum,
542 795 675 863 quarum
695 794 760 841 non
781 772 951 858 exignum,
977 776 1013 835 ot
1034 769 1069 834 in
1089 786 1188 855 paruo

179 892 334 979 earmina,
355 914 518 962 nnmerum
540 913 617 962 esse
640 891 880 980 intellegebam,
900 886 1051 954 mutium
1076 904 1189 953 emen·

180 1007 252 1076 dari
266 1012 412 1101 artisque
424 1011 629 1080 exercendae
643 1009 932 1080 commodissimum
946 1008 1189 1072 instrumentum

182 1133 218 1194 et
239 1131 333 1216 quasi
355 1131 473 1198 stabile
494 1132 727 1198 firmamentum
747 1127 856 1216 parari
883 1144 986 1212 posse
1006 1123 1188 1210 sperabam.

179 1247 246 1312 etsi
267 1248 352 1315 enim
374 1249 660 1317 vindobonensem
688 1246 832 1314 codicem
859 1243 995 1311 eundem
1025 1261 1104 1309 esse
1131 1262 1189 1308 au·

180 1362 332 1448 opinabar
365 1385 406 1433 ao
435 1364 633 1443 Sannanarii
660 1365 811 1450 ‚librnm‚‚
838 1382 898 1439 ex„
917 1382 981 1449 quo
1015 1360 1191 1428 halieutica

182 1477 292 1548 ouidii
314 1485 484 1572 Gratiiqne
504 1476 698 1573 cynegetioa
718 1482 751 1548 in
773 1464 1076 1565 noua'exemplaria
1098 1484 1190 1545 tran-

180 1600 306 1686 scripta
338 1610 432 1693 sunt,
469 1623 533 1670 non
569 1604 721 1689 putabam
757 1606 865 1665 tamen
891 1596 1110 1677 ¹Aesiandrnm
1137 1602 1190 1697 aut

180 1715 306 1803 langon]
327 1722 512 1789 annuntias
532 1720 566 1784 in
587 1739 628 1787 ea
649 1738 687 1787 re
713 1722 865 1785 neraatoa
890 1734 969 1785 eoae
995 1736 1092 1805 qnam
1118 1715 1192 1802 ple-

180 1852 301 1921 rosque
330 1837 385 1922 qni
415 1835 470 1902 illa
498 1841 611 1907 aetate
639 1842 786 1907 aeteram
814 1835 938 1921 scripta
972 1835 1008 1901 in
1033 1833 1193 1920 publicam

180 1950 353 2021 utilitatem
373 1953 586 2043 protulerunt·
606 1962 724 2025 neutra
743 1966 796 2023 ule
809 1951 962 2040 opinione
982 1951 1196 2019 tabanense

179 2073 311 2157 repperi
331 2092 404 2143 oum
441 2079 520 2141 ante
539 2071 662 2160 aliquot
688 2092 793 2143 anooa
817 2069 1043 2139 vindobonam
1062 2070 1197 2139 delata

181 2186 305 2257 oodioie
331 2208 424 2256 naum
450 2190 536 2261 nollo
564 2190 697 2277 negotio
725 2189 907 2279 impetrati.
956 2194 1081 2258 tantm
1107 2188 1196 2257 eoin

180 2308 312 2393 amque
332 2307 512 2375 odieioaam
532 2315 569 2375 et
587 2308 623 2375 in
644 2307 711 2377 bae.
727 2325 766 2377 re
793 2311 830 2373 et
849 2302 883 2373 in
903 2301 1013 2374 moltis
1041 2303 1196 2393 alileam

179 2422 339 2508 integram
368 2430 535 2495 metatam
558 2425 731 2513 Kopitaria
757 2421 979 2493 Eiobeuleldii
1001 2419 1197 2492 librilialreri

180 2538 297 2609 Woltii
320 2542 545 2613 liberalitatem
564 2551 726 2633 expertae
742 2565 824 2631 aum,
846 2548 880 2609 nt
900 2540 1040 2629 maxime
1053 2548 1198 2627 ¹propter·

179 2658 243 2731 hoe
261 2661 401 2749 optimos
422 2662 510 2731 uiros
533 2661 795 2731 commorationis
818 2679 912 2729 meae
930 2656 1198 2729 vindobonensia

181 2797 253 2847 enm
272 2798 390 2868 magno
411 2801 517 2870 saepe
535 2780 704 2869 desideria
722 2779 888 2851 renouari
907 2778 1042 2847 solean.

176 2886 179 2891 ¹
265 2896 362 2971 Dixit
384 2899 426 2969 de
448 2903 502 2969 illo
523 2901 609 2969 libro.
627 2898 825 2986 Stepbmus'
839 2894 1057 2967 Endliolreros
1078 2896 1114 2963 in
1135 2914 1197 2964 aa·

180 3014 291 3100 talogo
318 3037 376 3084 suo
404 3019 548 3086 eodionm
570 3018 833 3103 plrilologieorum
860 3011 1050 3080 Latinorum
1078 3014 1195 3093 billio,-

181 3131 300 3203 tbeeae
328 3130 605 3224 vindobonenais,
633 3157 664 3223 p.
699 3132 773 3229 ,¹²¹
805 3154 835 3201 a.
873 3129 980 3199 codex
1016 3150 1103 3198 nune
1142 3139 1193 3201 est

181 3246 278 3338 27⁷,
299 3270 371 3321 cam
393 3250 471 3321 olim
491 3260 586 3321 esset
605 3255 693 3323 iuter
713 3250 929 3341 plimlogiem
941 3246 1042 3337 387,
1061 3250 1194 3320 formam

180 3367 281 3437 babet
301 3389 396 3459 quam
417 3390 479 3439 noa
499 3378 648 3441 aetatum
669 3373 823 3460 dicimur,
853 3388 896 3437 ex
917 3368 1065 3456 partibus
1085 3376 1195 3439 autem

181 3493 313 3555 constat
348 3488 436 3555 inter
466 3507 505 3556 aa
542 3488 773 3559 dissimillimis.
823 3508 863 3557 ae
895 3488 1030 3575 primum
1065 3488 1198 3574 quidem

182 3604 388 3673 membranae
404 3607 487 3697 aine,
509 3615 544 3676 ut
566 3615 723 3679 consueto
742 3609 898 3677 uocabulo
913 3615 998 3695 utar,
1020 3607 1196 3695 solaque-

183 3719 333 3809 draginta
355 3729 616 3795 eommentariom
638 3727 770 3795 saeculo
793 3727 917 3794 decimo
934 3734 1197 3793 exaratnmoon-

181 3840 286 3907 tinent
313 3860 376 3929 quo
405 3844 569 3914 quenalis
599 3848 722 3914 satirae
750 3865 814 3912 sex
839 3844 968 3931 priores
990 3844 1196 3931 explicantur

183 3960 275 4027 onina
302 3968 429 4048 partem
464 3962 567 4031 edidit
600 3961 774 4035 Cremerae
807 3968 977 4031 comment.
1014 3956 1135 4031 natust.
1164 3964 1195 4031 in
