2520 4440
93 2558 133 2629 'iz

211 201 269 271 12-

292 407 387 478 qurum
413 387 556 453 hamum:
593 385 767 452 admouent
797 381 949 449 dentibus
978 380 1085 450 lineas
1122 390 1216 472 atque

290 491 338 557 ite
371 488 518 556 erodunt.
574 487 717 554 antliam
746 485 847 552 tradit
880 484 967 550 idem
995 484 1097 550 iniixo
1129 485 1216 552 hamo

229 591 271 654 25
291 592 458 667 inuertere
480 607 529 679 se,
551 590 700 677 quoniam
728 588 772 653 sit
800 589 834 652 in
861 586 961 653 dorso
988 586 1162 654 cultellata
1190 589 1216 654 ei

295 693 403 782 spina,
424 710 529 778 eaque
549 691 671 757 lineam
690 707 900 778 praesedere.

206 793 301 862 Ideni
324 791 375 860 32
387 841 396 874 ,
428 793 474 858 11
512 787 621 884 (54).
703 791 766 856 llis
801 789 978 857 adiciemus
1013 789 1054 856 ab
1103 786 1217 857 Ouidio

290 895 399 983 posita
440 896 571 961 nomina
583 941 595 984 ,
648 908 734 980 quae
777 892 863 979 opud
910 890 1074 957 neminem
1125 893 1215 960 elium

207 993 213 1002 ’
290 995 512 1085 reperiuntur,
535 994 596 1060 sed
615 993 767 1060 fortassis
788 995 822 1058 in
836 994 942 1059 Ponto
965 992 1152 1082 nascentia,
1169 993 1217 1059 ubi

292 1098 327 1165 id
349 1098 500 1163 uolumen
527 1095 688 1183 supremis
717 1097 785 1161 suis
805 1095 1013 1181 ‚temporibus
1040 1094 1216 1161 inchoauii:

249 1200 419 1288 libonem,
441 1189 609 1284 cercyrum
638 1198 673 1263 in
703 1195 846 1283 scopulis
874 1195 1054 1285 uiuentem,
1091 1197 1216 1284 orphum

291 1302 529 1386 rubentemque
552 1298 748 1385 erythinum,
768 1295 882 1388 iulum,
914 1299 1019 1386 pictas
1040 1318 1215 1386 mormyras

292 1403 449 1489 aureique
471 1400 588 1466 coloris
611 1399 855 1488 chrysophryn,
883 1421 1010 1493 parum,
1036 1406 1166 1489 tragum
1186 1408 1215 1468 ct

288 1503 475 1592 placentem
498 1500 601 1566 cauda
621 1502 831 1581 melanurnm,
855 1503 980 1589 epodas
1001 1504 1059 1572 lati
1075 1505 1215 1592 generis.

288 1611 423 1691 praeter
443 1603 527 1669 haec
547 1603 690 1689 insignia
711 1602 846 1688 piscium
867 1604 967 1670 tradit
994 1607 1148 1674 channen
1179 1624 1215 1671 ex

228 1711 269 1768 iii
291 1725 336 1772 se
350 1706 424 1793 ipsa
446 1704 630 1792 concipere,
651 1705 800 1792 glaucum
821 1711 952 1772 aestate
973 1727 1136 1795 nunqnam
1160 1727 1215 1794 ap-

289 1824 426 1894 parere,
460 1805 646 1896 pompilium,
673 1805 727 1891 qui
752 1823 882 1893 semper
903 1807 1073 1876 comitetur
1092 1810 1216 1875 nauium

291 1926 424 1996 cursus,
452 1904 607 1994 chromin,
633 1905 687 1992 qni
714 1905 859 1973 nidificet
886 1907 921 1973 in
942 1911 1047 1996 equis.
1091 1910 1215 1996 elopem

291 2006 370 2073 dicit
392 2017 471 2075 esse
492 2000 615 2074 nostris
636 2006 835 2092 incognitum
857 2009 971 2075 undisz
1004 2028 1135 2098 exque
1158 2031 1215 2098 ap·

289 2114 385 2195 paret
405 2109 474 2176 falli
502 2105 643 2196 eosqui
671 2106 812 2176 eundem
846 2113 1074 2197 acipenserem
1100 2113 1216 2180 existi-

227 2211 269 2272 15
289 2215 469 2279 mouerunt.
537 2216 539 2221 ’

271 2439 317 2490 23.
339 2437 484 2519 leidensi.
568 2437 613 2489 24.
633 2438 750 2488 antliam
767 2437 849 2489 tradit
872 2436 1025 2491 desummo
1042 2438 1142 2504 pionias
1161 2442 1215 2490 ire·

206 2537 245 2588 dit
267 2550 313 2588 eas
331 2538 360 2605 Ι,
382 2552 426 2590 em
448 2539 485 2590 Κ.
569 2538 614 2590 25.
637 2541 665 2588 in
688 2544 783 2590 uetere
806 2543 929 2604 quoniam
951 2540 987 2590 K.
1073 2541 1215 2591 cuiteiiaie

188 2639 293 2706 ,endec
312 2640 478 2692 Toletenec:
495 2639 633 2690 crdtellato
651 2640 703 2691 lK.
772 2642 799 2690 ei
815 2655 859 2692 om
875 2642 900 2693 1.
970 2642 1019 2713 26.
1037 2642 1115 2706 spina
1132 2651 1214 2707 eaque

205 2743 293 2793 codex
314 2742 479 2794 Toletanee:
513 2743 608 2804 spinea
624 2753 691 2805 quoae
709 2742 734 2809 1,
750 2745 879 2806 spinaque
895 2744 933 2795 K.
1000 2744 1095 2794 uniam
1115 2743 1151 2794 K.

238 2842 264 2913 1.
282 2843 357 2894 oiddi
373 2844 494 2907 opposita
511 2841 548 2894 K.
596 2845 623 2895 8.
640 2847 780 2895 nascentia
797 2844 854 2911 ΙΚ,
871 2847 1018 2895 nascuntur
1033 2846 1137 2909 ampo.-
1152 2846 1216 2909 fora

205 2946 278 2996 iesse
293 2947 469 2995 nascentium.
545 2944 571 2994 d
589 2947 638 2995 sub
655 2949 753 3009 premis
771 2946 807 2996 Κ.
892 2951 919 2998 5.
937 2947 1048 3006 bouem]
1065 2945 1160 2995 nobem
1178 2945 1213 2997 K·

245 3056 388 3107 cercyrum
406 3046 557 3098 ammae:
574 3057 721 3109 pergyrum
737 3046 762 3109 1,
779 3058 828 3109 per
843 3049 933 3112 girum
948 3046 986 3147 ff.
1037 3049 1141 3110 orphim
1159 3047 1212 3096 ΙΚ.

239 3147 265 3194 d.
283 3146 435 3206 erythinum
451 3147 484 3196 1.·
500 3149 623 3197 racinum
639 3147 678 3197 K.
720 3149 805 3199 iulum
821 3149 846 3213 i,
862 3151 954 3212 pulum
970 3147 1015 3200 Κ.·
1031 3148 1134 3210 puiium
1150 3148 1211 3198 aab

203 3259 248 3311 po.
266 3246 296 3296 id
310 3247 373 3309 post
388 3247 501 3310 orpirum
517 3246 705 3299 collocandum
722 3253 813 3302 censet
837 3250 949 3300 Viittec.
1002 3261 1160 3310 ¹momyras
1177 3247 1211 3299 Κ.

240 3346 266 3396 7.
285 3347 478 3410 chrysophryri
494 3349 523 3415 i,
542 3349 614 3398 crioo
636 3351 778 3411 praeterea
793 3351 829 3403 Κ.
887 3351 996 3413 panum]
1011 3349 1135 3414 fortasse
1152 3360 1210 3413 spe·

205 3460 272 3500 rum.
298 3451 525 3501 commemoretur
541 3449 647 3513 quidem
670 3464 790 3518 aperus,
821 3453 869 3517 pei
888 3452 987 3503 Ouidio
1008 3453 1142 3515 operulae
1159 3451 1208 3513 eei,

203 3551 261 3601 um
277 3553 360 3603 antee
376 3553 419 3615 32,
436 3549 469 3601 11
488 3551 558 3615 (dd),
574 3549 622 3599 sed
637 3554 748 3615 pariter
765 3553 908 3618 wettinus
924 3555 952 3604 et
971 3554 1143 3605 melanurus.

201 3652 233 3701 s.
251 3654 360 3703 aucam
376 3653 401 3702 r.
468 3637 807 3706 mermumm‘eesm:
824 3654 998 3706 lacrumis.
1061 3655 1088 3703 e.
1108 3661 1206 3704 mnne

202 3751 242 3804 K.
310 3753 355 3805 11.
372 3754 507 3816 pompium
522 3751 548 3815 1,
563 3757 696 3816 pempium
711 3754 747 3806 Κ.
816 3756 858 3807 12.
877 3768 974 3806 eureus
990 3755 1016 3804 1.
1082 3755 1206 3807 enormia

205 3853 242 3905 Κ.
308 3855 430 3917 helopem
446 3863 549 3920 quoque
565 3856 631 3908 dicit
646 3855 684 3910 Κ.
751 3855 796 3910 14.
813 3859 949 3924 accipiens
965 3869 1023 3914 rem
1039 3855 1076 3910 K·
1128 3855 1204 3911 aese-

204 3956 337 4011 mouerint
354 3954 377 4009 i.
