2520 4440
113 192 168 265 cs
408 176 480 263 uu:
502 189 817 301 annuntians

175 360 401 453 rearmatur
420 385 555 483 pencris
575 378 907 479 nuncupaturus
925 383 1049 453 nultc'

135 502 139 511 ’
174 502 337 591 Pulpitum
368 484 658 607 geu'e'risppcutri,
691 511 728 573 ut
760 504 957 574 Prudentius
985 499 1120 590 ‘cygnus

237 626 393 710 stuprose
412 612 530 711 peccat
548 622 638 691 inter
657 621 799 713 prdpita.’

174 740 328 807 Porticus
354 740 490 827 generis
516 742 677 832 feminini,
691 789 696 795 -
712 747 749 811 ut
770 738 955 830 Cyprianus
983 734 1119 827 ‘pampi-

132 859 156 923 5
237 878 336 929 neam
364 861 520 949 porticum
542 860 679 929 dondea
706 866 798 929 tecta
825 857 979 945 fecerunt
1010 864 1049 926 ct
1067 858 1120 924 la-

238 964 357 1048 rcmias
383 976 481 1044 ‘altas
510 974 661 1064 porticos?
692 979 787 1045 dixit.
809 980 871 1047 sed
891 981 928 1047 in
949 978 1118 1064 euangelio

131 1136 135 1143 ·
234 1091 379 1185 ‘porticu’
403 1094 539 1181 legimus
558 1090 773 1163 ‘Salomonis'

174 1215 271 1282 Putet
290 1213 424 1299 generis
444 1212 635 1301 masculini,
657 1219 693 1280 ut
714 1209 796 1280 Cato
818 1218 853 1280 et
873 1213 989 1280 Varro.

173 1333 278 1401 Panis
305 1332 441 1419 generis
469 1330 655 1420 masculini,
687 1330 782 1397 huius
809 1332 913 1420 panis.
948 1332 1121 1416 pluraliter

111 1456 154 1533 11]
236 1453 414 1543 gcnitiuum
438 1451 537 1541 facit,
570 1450 607 1518 id
627 1457 681 1519 est
700 1450 813 1517 hcrun
832 1468 960 1537 panum.
986 1456 1068 1516 sunt
1093 1456 1123 1519 ct

238 1572 422 1659 panuculae
442 1571 477 1636 in
498 1569 651 1660 lanificio.
1138 1544 1142 1551 ¹

174 1690 338 1758 Palumbis
359 1689 494 1775 generis
514 1685 668 1778 feminini,
688 1691 724 1755 ut
735 1684 891 1774 Virgilius
907 1680 1044 1755 ‘aercae
1062 1706 1143 1789 pu-¹

11 1786 14 1791 '
128 1846 131 1851 -
238 1802 380 1872 lumbes:

175 1923 277 1991 Palus
298 1921 432 2013 generis
452 1919 614 2011 feminini,
646 1928 682 1990 ut
702 1923 899 1992 Alexander
921 1917 1029 2012 ‘palus
1049 1931 1122 1992 erat

112 2043 156 2107 15
238 2038 341 2111 sicca’

129 2198 133 2203 -
174 2161 328 2248 Papauer
346 2159 481 2247 generis
502 2160 627 2250 neutri,
659 2161 911 2230 ut'Lactantius
932 2156 1030 2250 ‘quae
1058 2160 1121 2228 sert

186 2264 189 2272 ¹
237 2285 370 2367 agreste
391 2276 550 2368 papauer-³
581 2278 733 2345 dixerunt
759 2279 871 2345 etalii
897 2298 1023 2365 genere
1051 2298 1124 2346 ma-

235 2399 373 2487 sculine,
392 2405 429 2465 ut
449 2398 554 2465 Varro
571 2391 736 2463 ‘iudicasse
761 2397 976 2482 papauerum?
1008 2395 1126 2484 Virgi-

238 2519 300 2585 lius
322 2516 404 2585 dixit
421 2508 565 2604 ‘perfusa
585 2532 751 2601 papauera
772 2510 901 2581 scmnu.’

113 2642 156 2705 11
175 2636 302 2707 Perdix
321 2636 456 2724 generis
476 2634 631 2724 feminini,
658 2639 696 2709 ut
715 2633 821 2702 Varro
842 2628 986 2720 ‘garrula
1004 2632 1128 2704 limoso

230 2752 398 2847 prespicit
417 2752 501 2823 elice
522 2747 658 2843 perdis’

112 3051 141 3104 a
157 3048 298 3113 Putpeturn
320 3043 349 3097 et
365 3054 432 3095 mec
453 3040 561 3107 pulpela
580 3041 616 3093 Ε.
700 3042 875 3105 Prudentius]
894 3044 980 3109 steph.
997 3041 1044 3111 10,
1059 3046 1122 3099 221.

147 3150 173 3199 8.
190 3150 331 3210 strepresa
345 3142 389 3195 1c.·
405 3146 543 3208 stupratur
557 3142 688 3195 edttmr
698 3144 851 3197 Prudenttt.
893 3144 921 3197 4.
937 3133 1127 3212 temtuluilfi

114 3250 150 3303 Ε.
234 3247 400 3311 Cyprianus]
417 3260 458 3311 ep.
476 3246 502 3296 1.
518 3243 679 3296 aetutem
694 3246 779 3309 culpo
795 3247 904 3311 lepttur.
987 3250 1014 3299 5.
1032 3253 1123 3301 dierc-

114 3352 183 3405 11111
199 3350 234 3402 lc.
250 3352 297 3414 51,
312 3350 347 3400 te
362 3350 446 3415 culpo
459 3340 499 3396 ‘et
512 3348 607 3410 pertua
624 3348 682 3395 elus
699 3347 823 3397 excelsae
836 3350 896 3413 igni
912 3348 1121 3403 conburentur?

138 3453 174 3502 -d-
194 3455 223 3502 in
249 3452 407 3515 euangelio]
431 3450 472 3500 1ο.
489 3448 537 3514 10,·
548 3449 592 3499 2³.
621 3449 664 3497 ·8.
682 3446 763 3508 Cato]
785 3450 814 3498 tn
831 3449 900 3500 ttlrc
915 3451 948 3501 dc
964 3464 996 3502 re
1013 3454 1119 3517 rustica

14 3594 19 3602 ,
116 3554 278 3605 minuent
288 3552 458 3604 uocabulum.
507 3551 613 3610 Varro]
629 3563 655 3599 r.
670 3562 696 3599 r.
713 3552 739 3614 1,
756 3549 799 3613 57,
815 3549 847 3612 2,
873 3550 893 3599 l.
912 3550 946 3599 lr-
973 3555 1002 3613 5,
1030 3553 1111 3605 aad

49 3648 52 3657 ¹
117 3654 154 3706 84
174 3654 256 3706 Milli.
332 3652 375 3704 10.
392 3650 522 3704 eccidisse
536 3651 647 3701 uidetur
658 3649 809 3700 ausemano
825 3650 858 3699 de
876 3662 962 3711 panus
978 3655 1119 3709 uocabula.

184 3756 227 3808 12.
244 3756 391 3820 Virgilius]
408 3754 457 3805 ecl.
473 3754 500 3816 8,
516 3752 559 3801 dd.
627 3749 671 3800 le.
688 3750 856 3809 Lactantius]
871 3751 967 3813 picea.
988 3754 1052 3806 127.

119 3870 171 3921 quc
188 3859 248 3908 fera
263 3856 356 3921 grestc
372 3852 407 3904 Ε.
491 3852 536 3906 1s.
558 3852 662 3911 varro]
686 3851 715 3900 tn
730 3851 912 3904 admirandis.
929 3855 968 3921 cf.
986 3854 1072 3906 clear.
1091 3869 1118 3920 p.

120 3954 155 4010 dd
170 3955 204 4009 P.
227 3955 299 4009 Non.
315 3969 345 4023 p.
360 3952 413 4009 220
428 3950 469 4008 ld.
552 3952 698 4018 Virgilius]
719 3964 761 4019 pc.
777 3950 805 4019 1,
820 3951 863 4005 18
943 3954 989 4013 20.
1014 3956 1120 4017 Varro]

552 4056 579 4095 c·
