2476 4440
469 249 510 258 ·-
554 230 639 276 xx1x
684 246 769 273 ··-,

89 380 187 473 nardo
208 401 356 488 ignorat)
378 398 512 486 generis
533 397 632 465 etiam
661 395 833 463 discrimen
862 387 1107 463 obscuraoerat.

89 519 314 608 suppeditauit
343 517 420 585 mihi
451 516 535 583 bunc
564 514 823 583 commentarium
850 514 955 584 codex
978 510 1110 579 Vindo-
1144 600 1149 611 .

89 640 252 708 bonensis
273 633 326 704 89
355 636 450 718 (olim
479 633 744 721 Salisburgeusis
773 640 844 700 erat
867 630 937 721 72,
974 629 1051 698 mihi
1072 627 1111 694 Ε

89 760 247 846 dicitur),
281 738 432 844 scriptus·
450 754 581 824 sacculo
610 772 695 820 nono
715 754 752 819 iu
772 751 966 819 membranis
987 749 1113 815 immac

89 878 268 947 morae.
303 876 438 964 dequo
466 872 684 943 Endlicherus
711 894 744 961 p.
770 867 848 963 197
870 888 918 936 ss.
947 866 1113 957 disseruit

89 990 532 1085 grammaticusquc'm'edidi
545 994 672 1061 libellus
686 998 762 1081 post
774 990 879 1079 onina,
901 997 1026 1076 opinor,
1044 983 1115 1052 folii

89 1117 254 1183 iacturam
267 1113 379 1202 incipit
390 1117 422 1182 in
434 1114 493 1182 ¹fol.
509 1112 586 1179 170
600 1122 639 1195 i.,
659 1112 769 1180 finitur
781 1101 836 1179 fol.
853 1106 929 1175 175
944 1124 972 1174 r.
993 1102 1116 1173 inscri-

89 1236 243 1325 ptionem
264 1233 411 1322 equidem
432 1232 553 1302 addidi.
583 1232 637 1298 bic
657 1228 904 1329 igitur‘libellus
930 1212 1115 1316 pertimeri

89 1353 255 1440 antiquae
290 1350 456 1420 doctrinae
495 1334 726 1437 grammaticae
755 1349 907 1417 ¹tontibus
949 1345 1119 1413 deriuatus

89 1476 170 1563 pst,
197 1470 326 1556 ·partim
353 1471 438 1536 futili
466 1467 647 1536 colluuione
674 1466 896 1549 mixtura.···illa
925 1487 1006 1552 pars
1031 1483 1119 1535 nnus

89 1586 204 1655 habet
224 1604 331 1674 neque
344 1586 488 1676 inutilia,
502 1626 505 1636 ·
520 1586 683 1672 complura
710 1589 819 1653 anoem
836 1586 1025 1652 >commonia
1045 1605 1119 1652 cum

89 1705 358 1774 institutionibus
381 1705 538 1794 Charisii,
568 1705 748 1792 exquibus
770 1704 902 1791 saepius
923 1692 1121 1792 requirenda

95 1828 174 1892 crat
202 1822 374 1909 deprauati
404 1822 526 1889 codicis
562 1823 762 1891 emendatio:
795 1821 943 1888 uicissim
973 1819 1123 1888 re'dditur

96 1942 154 2011 eis
181 1962 247 2009 non
276 1940 355 2008 nihil
384 1941 544 2007 utilitatis.
578 1941 695 2008 factum
731 1946 786 2007 est
818 1946 926 2006 autem
959 1939 1121 2007 beneficio
1182 2030 1185 2034 y

99 2057 264 2126 Friderici
285 2058 516 2140 Lindemanni‚
544 2059 606 2125 uiri
627 2059 814 2149 clarissimi,
842 2065 877 2126 ut
899 2059 949 2126 eis
971 2059 1018 2126 uti
1038 2046 1123 2146 posss

95 2197 175 2246 sem
203 2197 286 2264 quae
319 2178 361 2243 B.
385 2176 427 2242 G.
449 2176 645 2244 Niebuhrius
681 2198 724 2246 ex
759 2184 853 2246 unico
883 2176 1120 2244 institutionum

103 2294 248 2365 Charisii
270 2296 381 2366 codice
402 2297 621 2384 Neapolitano
642 2296 811 2382 diligentia
838 2297 937 2384 plane
964 2295 1122 2382 singulari

101 2416 322 2504 excripserat.
359 2436 441 2504 quae
468 2415 622 2503 antiquae
651 2414 842 2483 eruditionis
878 2414 1024 2503 reliquiis
1059 2415 1122 2481 ad·

103 2536 211 2603 mixta
231 2535 361 2601 suntin
381 2533 628 2602 vindobonensi
647 2533 759 2601 libello
773 2531 1030 2602 Christianorum
1050 2552 1124 2601 ma·

89 2654 199 2735 ,xime
216 2644 406 2736 scriptorum
424 2653 587 2740 exempla,
607 2658 645 2718 ut
665 2652 785 2719 nullam
805 2652 961 2741 pleraque
982 2654 1125 2720 habeant

102 2768 301 2854 utilitatem,
334 2767 421 2833 uolui
455 2774 565 2834 tamon
597 2786 751 2836 resecare
782 2770 838 2837 uel
870 2779 1005 2858 propter
1037 2770 1124 2836 hanc

106 2907 209 2958 uuam
232 2903 365 2952 causam
385 2884 469 2974 quod
491 2905 555 2953 nnn
576 2863 730 2973 poterant
750 2886 867 2975 ubique
889 2896 959 2956 tuto
982 2887 1125 2955 discerni

106 3008 149 3075 ab
172 3002 408 3091 antiquioribus
429 3001 492 3070 illis
513 3005 691 3092 particulis.
734 3010 876 3072 ceterum
903 3009 933 3073 si
954 3009 1126 3093 iumagus

107 3124 271 3193 nominum
302 3127 337 3188 ct
365 3121 590 3190 uocabulorum
617 3120 850 3212 deprauatione
879 3145 987 3214 neque
1014 3145 1129 3193 emen-

109 3242 192 3309 dare
213 3220 320 3307 omnia
341 3259 446 3328 neque
466 3241 536 3306 suis
565 3259 714 3330 quaeque
741 3245 926 3311 auctoribus
956 3245 1129 3330 assignare

110 3358 217 3447 potui,
250 3377 360 3424 corum
388 3357 441 3445 qui
458 3357 604 3433 similem
631 3354 774 3430 laborem
804 3381 942 3449 unquam
962 3362 1129 3431 subierunt

110 3499 175 3547 nou
205 3476 384 3572 defuturam
409 3476 487 3545 milri
515 3494 593 3545 csse
629 3496 726 3566 spero
763 3482 1018 3550 excusationem.
1062 3502 1127 3552 ser.

113 3595 260 3683 Lipsiae.
