2520 4440
469 250 476 263 ,
555 226 597 241 ···
639 210 752 259 xxvm
799 228 831 239 -

192 378 290 449 iden·
314 379 366 445 nir
392 376 531 445 illustris
558 376 657 445 etiam
686 378 720 445 iu
737 376 821 443 valiis
843 377 944 445 libelli
962 377 1028 447 mei
1049 378 1209 470 partibus,
1240 404 1252 452 n

83 479 85 482 ⁵
192 499 249 581 elii
270 498 353 567 meis
378 514 433 563 me
462 495 587 562 uiribus
614 514 658 562 ex
689 493 877 563 diitiunltate
904 495 1062 582 expedire
1090 497 1210 567 inuam

193 617 496 706 mustacium,
532 619 740 703 praesentem
769 635 903 703 operam
922 615 1082 703 discipulo
1103 617 1210 687 ‹lene-
1243 624 1250 688 t

192 754 278 823 gare
297 735 407 803 noluit

260 855 391 949 Deiugle
414 854 531 942 protuli
552 872 637 942 quae
656 852 700 919 ule
720 858 849 939 septem
869 852 1033 920 miraculis
1047 853 1162 922 muudi
1179 854 1212 922 iu
1242 883 1250 928 ι

196 973 323 1041 eodiois
350 974 425 1040 olim
455 974 646 1059 Bobieusis‚
670 982 768 1039 innuo
793 972 1054 1039 vindobonensis
1079 969 1129 1039 te
1152 972 1210 1055 (ll.
1242 1001 1250 1067 g

195 1090 271 1175 85)
291 1088 435 1163 tonant}
457 1092 620 1179 leguntur.
641 1092 772 1158 celeber
788 1090 870 1157 liber
883 1097 948 1180 est,
968 1091 1112 1177 scriptus
1135 1110 1212 1159 see-
1243 1103 1250 1166 i

197 1212 380 1279 onlo'uono
401 1216 461 1286 aut
480 1216 612 1299 ootauo,
643 1216 679 1277 et
698 1218 851 1276 aoenrate
878 1207 920 1276 tle
950 1228 990 1276 eo
1012 1208 1099 1276 dixit
1117 1207 1211 1277 enn-

198 1316 342 1397 liuirems
363 1351 396 1416 p.
419 1326 499 1395 215
522 1349 570 1396 ss.
612 1326 650 1395 D
671 1327 781 1402 liitera
807 1346 881 1394 eum
908 1320 1098 1413 signiioani.
1129 1349 1213 1419 quae
1244 1357 1250 1402 i

164 1518 168 1524 ,
197 1449 246 1518 ule
259 1450 421 1517 ruiraoulis
434 1448 650 1538 disputantur,
670 1466 822 1515 sermone
841 1446 1037 1536 subrustico,
1055 1448 1215 1535 particula
1244 1477 1249 1524 ι

199 1586 281 1637 esse
299 1568 452 1634 uidentur
472 1568 607 1636 maioris
625 1567 742 1635 libelli:
768 1585 878 1633 uerum
905 1565 960 1634 uel
979 1583 1065 1633 uiuo
1081 1566 1214 1634 minime
1243 1573 1249 1639 i

199 1677 317 1740 natent
334 1671 484 1737 utilitate.
506 1690 581 1738 uam
601 1669 791 1759 phoenicem
804 1667 971 1761 Laetantii
992 1687 1123 1737 carmen
1137 1687 1214 1737 esse
1244 1694 1250 1758 i

201 1810 286 1859 nouo
324 1788 511 1856 testimonio
551 1789 759 1876 confirmant,
799 1786 850 1853 oni
876 1787 943 1855 alia
979 1786 1142 1857 eeoednut
1177 1806 1216 1857 ex
1247 1833 1249 1872 ,

200 1908 413 1995 grammatico
436 1887 590 1994 opusculo
613 1903 697 1993 quod
719 1903 846 2001 addidi3
868 1911 935 1972 tum
954 1898 1071 1972 Hilarii
1093 1907 1216 1977 Arela·
1247 1960 1249 1981 i

203 2025 311 2095 tensis
339 2044 456 2092 uersus
481 2024 580 2101 tontis
604 2009 756 2093 ardentis
787 2023 896 2111 quale,
917 2023 1091 2093 habuerint
1117 2045 1215 2113 argu-

203 2151 346 2219 mentum
373 2150 449 2231 post
477 2163 582 2213 uanos
617 2141 780 2209 homiuum
815 2142 982 2221 doctorum
1013 2146 1217 2232 suspiciones
1248 2216 1249 2221 ,

204 2262 338 2331 taudem
359 2263 576 2355 patefaciunt}
597 2261 738 2350 deniqne
759 2261 798 2329 Τ.
819 2261 905 2339 Liuii
925 2264 1027 2332 uerba
1047 2270 1146 2333 antea
1166 2265 1218 2331 in·

203 2383 336 2468 cognita
357 2380 581 2468 suppeditant,
601 2399 685 2470 quae
707 2398 751 2447 ex
772 2380 853 2447 libro
875 2379 1135 2467 quartodecimo
1158 2401 1218 2468 pe-

202 2501 268 2567 tita
295 2519 373 2569 esse
401 2521 467 2569 uon
500 2501 614 2589 inepte
648 2500 811 2569 coniicere
837 2498 959 2571 misor.
994 2515 1105 2571 nerum
1134 2496 1218 2567 haee

205 2618 297 2686 Liuii·
322 2620 424 2689 uerba
453 2618 550 2687 foede
586 2619 779 2709 deformanit
811 2616 976 2707 litterius,
1017 2634 1125 2703 neque
1159 2636 1221 2703 ego

206 2736 410 2824 quantumuis
431 2737 570 2809 studens
591 2737 766 2813 emendare
786 2737 893 2827 potuit
922 2742 960 2809 at
979 2734 1086 2831 potuit
1108 2733 1220 2801 Godo-
1250 2783 1251 2789 η

205 2856 318 2926 fredus
339 2857 559 2926 Hormauuoa.
582 2858 716 2935 turmam
736 2856 929 2940 litterarum,
956 2855 1069 2943 quibus
1090 2852 1240 2925 Liuiuui'

207 2979 317 3062 operis
338 2975 496 3062 particula
525 2974 560 3043 in
586 2977 699 3044 oodioe
726 2975 852 3062 scripta
880 2979 935 3047 est
955 2971 1139 3041 addendam
1161 2989 1220 3036 uu-

206 3092 277 3161 rani
298 3093 334 3158 iu
356 3093 476 3161 tabula.
497 3094 531 3159 iu
552 3113 617 3181 qua
636 3110 788 3160 uumerus
809 3089 996 3159 cccxxii
1023 3110 1096 3159 enm
1115 3089 1220 3161 loonm

91 3214 93 3218 ’
208 3210 373 3297 signifieat
394 3230 488 3299 quem
510 3214 615 3281 codex
636 3210 671 3276 iu
701 3209 848 3296 catalogo
870 3209 1061 3280 Enuhuheri
1089 3208 1224 3277 obtinet.

271 3328 429 3416 Sequitur
462 3329 662 3418 grammatioi
695 3328 876 3414 argumenti
916 3328 1120 3416 opimentum,
1161 3344 1222 3413 quo

209 3447 303 3517 homo
325 3447 412 3516 hand
433 3468 516 3516 saue
538 3447 653 3519 domos
673 3449 836 3517 nominum
850 3465 915 3514 uon
930 3446 1087 3513 nullorum
1100 3461 1223 3530 genera

138 3625 141 3632 .
209 3567 343 3636 delinire
365 3568 500 3654 studuit,
520 3585 573 3655 en,
593 3573 629 3635 nt
649 3575 738 3657 puto,
760 3571 872 3635 aetate
895 3584 959 3653 qna
979 3564 1096 3631 labeus
1110 3563 1145 3637 in
1161 3561 1225 3628 de-

208 3688 432 3775 prauatiouem
460 3703 568 3754 sermo
597 3692 633 3753 et
659 3688 852 3756 commixtus
879 3683 1037 3771 paulatim
1065 3701 1137 3749 eum
1163 3700 1224 3751 no-

209 3809 362 3877 minatino
384 3825 464 3873 nasu
483 3806 691 3874 aecusatiuus
721 3812 834 3893 (quam
863 3801 1134 3892 permutationem
1156 3799 1225 3865 liu-

167 3962 172 3969 ·
210 3950 292 4018 guas
313 3943 397 4014 quae
418 3941 462 3989 ex
479 3922 601 3991 Latina
621 3924 778 4013 originem
801 3924 963 3992 duxeruut
983 3918 1226 3990 contaminasse
