2476 4440
364 232 367 237 '
495 243 533 255 -
578 227 724 273 m·-

105 395 215 467 cidcn
235 392 375 482 pirciun
393 392 497 469 solam
517 392 686 471 nidificare
707 412 752 465 cx
773 395 851 484 alga
871 400 972 484 uque
991 393 1025 469 iu
1050 395 1128 474 uida

106 532 229 601 parcre
248 514 379 585 dixerat
398 513 456 591 lio.
478 508 503 588 ll
525 532 597 601 cap·
620 510 685 603 dil,
711 514 789 603 quid
811 515 882 591 ucri
910 533 990 591 esse
1012 496 1139 602 puori

106 633 246 699 similius
268 651 365 719 quam
385 651 502 698 uersus
523 629 767 708 halieuticorurn
791 631 867 709 121
891 639 925 701 et
948 630 1029 709 lit
1050 652 1149 709 θῦν·

107 750 186 818 den
205 751 303 849 clauc
331 768 415 836 quos
441 769 503 817 nos
532 749 688 829 habemus
709 752 851 829 Plinium
881 751 1027 841 legisse,
1057 753 1129 834 sed,

107 874 146 937 ut
166 868 397 956 masculino,
427 866 460 945 io
479 867 622 955 legendo
652 875 687 938 et
713 869 914 945 excribendo
940 890 966 947 a
988 870 1130 947 uenisti

106 978 313 1059 oberrasse?
336 992 433 1075 atquc
454 988 577 1063 erroris
598 1008 699 1064 causa
720 989 806 1064 satis
825 989 1001 1065 manifesto
1023 1006 1129 1074 apau-

106 1110 181 1194 rct,
218 1103 386 1179 dummodo
409 1124 453 1175 ne
473 1106 568 1183 Vlitii
595 1108 813 1184 coniecturum
841 1123 1016 1195 sequamur
1042 1104 1129 1192 phy-

109 1221 259 1309 cidisqoe
278 1243 396 1299 nomen
422 1225 458 1299 iu
486 1245 617 1301 uersum
642 1224 720 1303 122
746 1227 935 1301 inieramus·
971 1226 1065 1301 immo
1092 1221 1129 1299 id

108 1339 217 1426 ipsura
227 1339 366 1417 Plinium
387 1342 500 1417 feicllit
522 1344 608 1431 quod
622 1342 758 1421 (luidius
781 1345 865 1417 satis
885 1343 998 1417 habuit
1019 1341 1129 1430 signi-

108 1456 232 1529 occas
252 1458 437 1548 phycidem,
457 1480 524 1527 non
544 1438 874 1537 indicasse'nomine.
902 1481 975 1528 cum
1001 1460 1130 1529 diceret

110 1571 254 1649 odorus
274 1577 521 1665 drdcccrridor,
542 1576 672 1662 Virgilii
695 1579 883 1665 -excrnplum
909 1582 1045 1653 secutum
1065 1582 1130 1664 est,

109 1693 163 1761 sic
194 1693 361 1780 loquentis
383 1710 448 1781 ge.
474 1694 507 1782 1,
527 1692 622 1763 414.
660 1696 747 1765 Aeo.
770 1694 806 1785 ὅ,
827 1693 918 1771 214.
954 1716 1050 1772 unum
1077 1700 1130 1769 cst

109 1813 146 1879 in
172 1811 357 1886 halieuticis
391 1813 478 1900 quod
507 1831 571 1891 ooo
600 1821 711 1903 putem
743 1816 784 1883 ab
819 1811 938 1887 Ouidio
973 1794 1130 1902 scriptum

110 1947 200 1995 csse.
223 1929 288 1996 etsi
310 1928 397 1999 eninr
417 1949 483 2007 non
503 1929 619 2017 ignoro
641 1936 708 2007 tuan
731 1941 765 2000 et
792 1936 873 2001 tuac
900 1933 1129 2020 particularum

110 2062 204 2123 usum
224 2066 331 2136 neque
352 2049 480 2123 omuino
501 2069 638 2137 prorsus
658 2052 864 2138 exploratum
884 2067 964 2121 esse
981 2068 1128 2136 agram-

109 2164 241 2239 maticis
280 2186 387 2254 neque
421 2174 600 2254 temporum
637 2172 847 2255 mutataeque
885 2167 1130 2241 consuetudinis

110 2284 343 2353 obseruatione
363 2286 448 2361 satis
469 2285 687 2364 examinatum
715 2286 849 2376 (ueluti,
873 2287 937 2363 uisi
957 2283 1044 2361 aliud
1067 2283 1129 2357 do·

111 2401 200 2479 cebir
220 2401 471 2492 harmannus,
494 2404 539 2477 -iu
560 2403 692 2491 uulgata
712 2405 866 2477 librorum
880 2422 1054 2505 sacrorum
1073 2402 1129 2479 in-

108 2521 346 2607 tarpretatione
374 2528 566 2601 constanter
594 2522 714 2597 dicitur
748 2523 866 2609 tuac),
908 2519 988 2587 illud
1017 2527 1128 2596 tanuen

108 2654 179 2707 non
200 2656 334 2723 possum
354 2639 503 2726 credero,
516 2637 672 2707 'Ouidium
693 2639 773 2702 lucc
794 2638 922 2717 dixisse
943 2639 978 2705 in
996 2657 1130 2713 enume÷

109 2755 242 2827 ratione
263 2753 376 2839 qualis,
389 2753 425 2825 in
446 2773 545 2821 uersu
569 2753 647 2822 126
673 2753 848 2819 inuenitur.
881 2772 995 2823 uerum
1021 2759 1131 2831 tamen

107 2871 238 2941 librarii
265 2884 396 2960 erroro,
430 2889 505 2937 nnn
533 2850 625 2941 error¹
653 2888 732 2937 csse
753 2869 892 2960 uidetur,
921 2869 988 2936 etsi
1008 2875 1130 2945 certain

111 2987 376 3064 emendationem
397 2989 522 3063 frustra
543 2987 709 3074 quaesiui,
741 2986 841 3055 Plinii
868 2987 953 3063 lidos
980 3007 1046 3065 non
1067 2989 1131 3063 iou-

109 3108 270 3177 minuitur.
297 3103 479 3194 quidquod
501 3123 566 3171 non
588 3104 679 3189 nulla
705 3105 841 3171 suntin
870 3105 961 3173 breui
987 3106 1130 3185 momina

111 3246 198 3319 quae
220 3223 337 3295 Ouidio
359 3221 538 3311 peculiaria
565 3240 643 3288 esse
670 3221 852 3295 uideantur.
885 3221 985 3290 ueluti
1011 3222 1130 3295 dicitur

110 3341 217 3414 1133
239 3340 301 3409 aul
323 3343 394 3427 leuc
414 3342 497 3407 loci:
519 3339 637 3409 similia
659 3358 703 3407 ex
724 3358 788 3407 am.
812 3336 850 3429 3,
872 3336 909 3428 a,
932 3338 983 3421 70
1007 3347 1043 3418 et
1063 3350 1127 3421 nrt.

114 3462 152 3555 1,
177 3460 255 3551 142
290 3460 447 3537 Heinsius
474 3459 638 3545 ascripsit.
663 3440 816 3525 'canalia
843 3459 1032 3537 uocabulum
1063 3481 1130 3541 non
1225 3464 1230 3477 '

112 3583 322 3670 irequcntaat
332 3579 397 3657 ulii,
413 3575 551 3644 Ouidius
564 3596 603 3645 eo
616 3577 715 3649 utitur
728 3582 806 3643 met.
820 3574 859 3666 4,
870 3574 906 3643 6.
918 3575 1025 3665 o,53.
1036 3576 1129 3647 617.

114 3697 156 3790 9,
177 3699 267 3771 770.
289 3718 343 3788 ep.
364 3716 409 3764 ex
430 3694 470 3761 P.
493 3692 529 3782 3,
551 3691 588 3782 3,
615 3692 682 3761 15:
715 3693 818 3784 idem,
845 3715 1036 3783 quamquam
1065 3695 1128 3760 alin

112 3817 352 3905 anguiculum
374 3813 514 3901 uictum,
544 3812 579 3878 in
601 3812 844 3884 halieuticorun
871 3838 903 3883 u.
926 3813 975 3879 31
1000 3790 1128 3887 inuuu-

117 3944 181 4005 tur.
217 3953 298 4003 roro
318 3933 360 4001 ab
380 3930 614 4018 antiquioribus
637 3931 763 4018 quoidam
791 3931 901 4020 poetis
928 3927 1044 3997 dicitur
1063 3917 1126 3988 ali·
1205 4026 1208 4031 Ι
