2476 4440
187 111 190 115 ·
501 96 532 145 -e

180 204 235 279 72
475 201 546 274 DE
566 193 855 271 MIRACVLIS

229 448 233 453 .
287 396 417 467 sinere
438 392 633 482 extinguunt
651 388 770 471 undae,
791 374 985 456 cnr-uiuitis·
1002 382 1131 474 ignes?

292 513 496 602 lympharum
516 510 552 578 in
572 509 704 596 gremiis
724 506 871 574 inimioos
891 506 1045 575 condidit
1063 508 1167 597 ignes,

332 629 509 699 communis
531 634 622 696 ortus
642 628 782 715 imperat
803 623 1015 697 altamanus’

248 724 439 836 etreliqua
462 767 481 814 o
503 744 693 813 admirabile
714 745 882 832 potentiae
909 744 1046 814 diuinae
1073 754 1184 835 myste-

206 864 345 936 ttrioml
365 886 432 935 una
450 885 537 933 uena
556 865 656 932 fontis
678 869 713 931 et
732 865 829 952 ignes
851 861 1000 951 producit
1024 870 1060 932 et
1072 867 1184 952 latices
1215 880 1228 939 t

247 987 376 1055 scilicet
396 991 432 1054 ut
454 989 656 1073 cognoscant
684 1001 796 1049 omues
826 972 1068 1051 dominationes
1089 991 1126 1053 et
1143 1005 1185 1053 re·

245 1105 411 1194 frigerium
431 1105 521 1171 uitae
541 1103 706 1189 gloriosae
727 1107 763 1168 et
776 1099 927 1167 indicium
938 1108 1101 1170 aeternae
1115 1125 1185 1172 mor·

190 1240 194 1269 ³
247 1223 293 1289 tis
313 1221 478 1288 adsistere
498 1221 759 1307 intellegantque
770 1217 930 1285 incendiis
941 1219 1110 1289 licentiam
1125 1241 1185 1288 esse

139 1324 142 1329 ‘
244 1360 316 1409 uon
343 1340 452 1408 datam
479 1340 522 1407 ad
548 1338 730 1407 nocendum
758 1355 877 1423 corpus
903 1334 1088 1426 humanum,
1126 1341 1186 1428 quia

186 1464 229 1527 te
248 1477 310 1548 per
330 1458 489 1542 iudicium,
511 1458 542 1525 si
560 1462 698 1546 peccato
721 1453 852 1524 obnoxii
872 1453 1001 1546 inerint,
1031 1456 1189 1545 accepturi
1217 1477 1228 1534 r

225 1582 344 1646 “eruut
363 1577 601 1666 perpetualiter
622 1574 831 1644 exurendum.

292 1694 352 1763 Vl.
375 1696 516 1763 Sextum
537 1701 590 1762 est
610 1695 708 1785 illud,
742 1692 931 1781 quodlicet·
954 1700 1036 1764 ante
1060 1695 1130 1764 ista
1148 1696 1188 1764 dci

190 1806 215 1852 ·3
250 1830 352 1900 opera
372 1812 468 1880 luerit
489 1812 663 1896 conditum,
685 1819 796 1880 tamen
817 1831 875 1900 pro
896 1813 1025 1881 ratione
1047 1813 1141 1881 huius
1152 1815 1187 1883 rei

111 2016 114 2021 .
251 1930 413 2017 profertur
446 1935 644 2019 extremum,
679 1930 741 1997 hoc
774 1935 828 1998 est
860 1929 946 2016 quod
980 1933 1063 2000 solis
1100 1934 1188 2002 oficio

190 2048 232 2111 1⁶
253 2053 382 2117 creator
401 2053 539 2119 omnium
560 2048 644 2116 deus
664 2048 823 2137 praecipit
843 2049 1013 2117 celebrari.
1039 2071 1117 2121 nam
1136 2069 1189 2118 non

252 2166 327 2235 siue
358 2168 477 2259 grandi
508 2167 719 2241 admiratione
758 2166 901 2241 cernitur
936 2169 1011 2257 quia
1044 2171 1120 2258 ipse
1150 2170 1189 2237 sol

224 2252 400 2365 omnihus
420 2284 536 2351 diebus
558 2286 651 2372 quasi
678 2286 838 2355 famulans
864 2286 979 2354 mundo
1006 2286 1172 2375 ingerit
1149 2289 1190 2353 lu·

253 2420 347 2491 meu,
378 2403 465 2490 quod
500 2401 658 2470 orientem
696 2403 958 2491 occidentemque
990 2404 1193 2491 praerosam,

256 2520 344 2608 quod
362 2522 473 2589 calore
493 2541 553 2590 suo
580 2526 701 2589 terram
727 2521 904 2589 fecundans
929 2520 1040 2607 fruges
1060 2519 1193 2606 gignere

191 2641 234 2702 8⁰
254 2639 348 2708 facit.

235 2778 238 2786 ·
297 2758 577 2849 wisamarum
597 2762 784 2835 miraculum
810 2766 864 2830 est
890 2755 1029 2850 qualiter
1050 2758 1130 2827 luna
1151 2760 1193 2827 in·

255 2882 309 2944 ter
330 2880 435 2985 quinis
456 2878 571 2949 diebus
600 2881 655 2950 uel
686 2880 806 2947 crescit
835 2880 878 2947 ad
903 2879 1130 2967 integritatem
1150 2877 1193 2944 uel

257 2986 438 3082 exiguitate
465 2980 640 3095 minuitur
646 2996 693 3065 et
713 2996 906 3069 admiramur
932 3003 966 3064 et
992 2997 1090 3087 illud,
1120 2993 1193 3086 quod

256 3111 375 3183 stellae
395 3113 451 3181 illa
472 3116 597 3185 oriente
626 3094 800 3202 apparent,
831 3116 995 3184 decedunt
1023 3116 1195 3201 occidente,

195 3226 239 3294 tt
259 3231 311 3296 et
327 3230 486 3316 quaedam
513 3252 557 3300 ex
585 3232 678 3300 his
668 3255 703 3302 ιιι
736 3235 842 3325 medio
877 3235 959 3303 caeli
993 3237 1195 3320 apparentes,

258 3345 414 3432 quaedam
446 3351 601 3439 Aquiloni
634 3355 888 3442 propinquantes
916 3350 952 3419 in
981 3349 1121 3417 circuitu
1148 3368 1194 3416 ro·

257 3468 369 3531 tentor
388 3485 451 3535 nee
469 3475 592 3538 rectam
613 3473 734 3539 saciant
754 3473 854 3561 uiam,
883 3473 920 3536 et
941 3468 1116 3555 quaepiam
1137 3471 1194 3532 toto

258 3580 430 3652 uideantur
450 3602 552 3672 anuo,
579 3590 745 3682 quaepiam
765 3607 913 3677 menses,
941 3585 1118 3678 inquibus
1143 3604 1195 3671 ap·

258 3707 412 3793 pareant,
437 3704 576 3777 habeant
596 3708 757 3785 delinitos,
780 3707 820 3775 de
845 3725 906 3799 quo
928 3724 1026 3775 cursu
1047 3703 1135 3773 deus
1154 3703 1197 3770 iu·

198 3948 224 4015 ι’.
242 3964 381 4034 exangui
396 3965 432 4019 n.
499 3965 524 4016 e.
543 3965 728 4026 ιοιιιιιιιοιιι
745 3967 780 4023 ιι.
847 3969 890 4022 aa.
908 3947 1044 4020 nemias
1061 3963 1100 4019 n.
