2476 4440
172 400 273 482 atque
298 382 473 458 in*codice
492 385 747 482 'vindobonensi
768 385 910 473 legitur,
930 384 1112 453 Aesiandri
1133 388 1184 455 uel

173 511 260 599 hugi
285 506 422 576 consilio
442 510 499 571 aut
518 503 764 594 neglegentiae,
784 524 850 573 nou
871 505 959 573 alius
979 501 1106 571 codicis
1127 524 1186 573 au·
1232 542 1234 549 ·

79 668 85 689 .
172 627 318 701 ctoritati
337 622 538 699 tribuendam
557 640 636 691 esse
656 642 825 691 meruero.

33 812 38 821 ,
237 744 310 814 Sed
336 742 480 812 codicem
505 741 693 809 Purisiuun
713 738 817 807 8071
822 788 835 831 ,
862 740 918 829 qui
937 743 1039 807 antea
1059 738 1188 809 'l'huani

58 872 62 879 '
174 865 237 934 tirit
262 869 297 930 et
323 861 400 928 olim
431 854 558 927 Claudii
584 858 725 926 Puteaui
753 860 857 927 luisse
879 858 1018 946 uidetur,
1037 858 1074 925 in
1096 860 1186 927 Vlitii

174 983 314 1073 gratiam
335 978 513 1065 descripsit
533 975 766 1067 Crommonius,
787 982 825 1043 ut
844 976 919 1063 ipse
939 976 1064 1044 Vlitius
1082 978 1119 1043 N
1120 978 1188 1046 ico·

175 1104 231 1175 leo
249 1097 390 1169 Heinsio
411 1100 525 1165 narrat
543 1094 578 1161 in
598 1094 749 1181 syllogus
758 1095 1022 1165 Burmanuianoe
1043 1101 1070 1162 ι.
1089 1092 1116 1161 3
1138 1114 1189 1184 ep.

176 1217 243 1293 29.
272 1216 413 1293 eundem
440 1212 585 1281 codicem
613 1232 685 1280 cum
712 1214 895 1282 halieuticis
925 1209 1035 1282 Ouidii
1056 1215 1190 1283 contulit

177 1338 224 1405 Ν.
244 1333 412 1418 Heinsius,
433 1351 505 1403 cum
527 1330 634 1399 Gratti
654 1333 799 1401 carmine
811 1320 1014 1415 ¹lloruilliusr
1035 1332 1192 1420 inspexe-
1232 1410 1234 1431 ἰ

177 1461 257 1524 ruut
277 1473 352 1521 eum
372 1450 472 1533 etiarn
493 1447 549 1515 alii
569 1449 738 1538 ipsumque
753 1450 926 1519 Pithoeum
949 1450 1086 1539 paucula
1106 1471 1192 1539 quae

178 1594 225 1643 ex
256 1577 372 1639 uetere
407 1568 520 1637 codice
549 1567 662 1639 attulit
688 1568 765 1637 hinc
793 1569 955 1657 petiuisse
983 1576 1020 1637 et
1046 1569 1132 1659 quod
1159 1570 1192 1636 in

178 1689 287 1759 Gratii
307 1683 500 1756 uersuros
518 1692 662 1753 ueterem
687 1686 802 1781 librum
825 1686 1050 1775 Consequitur
1072 1689 1193 1757 habere

179 1808 276 1897 dicit,
307 1826 378 1873 cum
398 1804 434 1869 iu
455 1802 584 1869 Thuani
604 1802 685 1871 lihro
706 1824 838 1873 carmen
858 1823 956 1873 uersu
982 1802 1059 1873 159
1081 1807 1194 1875 terrui·

180 1930 294 2005 netur,
321 1922 401 1989 nihil
428 1920 493 1988 nisi
519 1939 661 1989 errorem
692 1941 772 1991 esse
793 1922 955 1992 existimo.
977 1942 1140 2011 egonnero
1158 1930 1195 1990 ut

179 2042 282 2113 multo
315 2040 500 2109 accuratius
534 2039 695 2126 prioribus
727 2041 949 2126 grammaticis
984 2047 1020 2109 et
1046 2042 1197 2111 utnulla

181 2160 421 2247 relinqueretur
441 2155 598 2225 dubitatio
620 2159 759 2246 quaein
777 2159 905 2227 Thuani
920 2160 1033 2229 codice
1046 2161 1198 2247 leguntur

184 2282 303 2347 afferre
322 2294 455 2363 possem
474 2277 595 2359 sactum
615 2283 671 2343 est
691 2277 891 2347 humanitate
906 2277 1067 2349 Friderici
1083 2276 1199 2345 Dueh-

184 2395 276 2485 neri,
302 2394 364 2461 uiri
384 2394 576 2481 clarissimi,
597 2396 652 2482 qui
673 2400 790 2483 rogatu
811 2415 884 2477 meo
906 2393 1015 2465 Ouidii
1035 2404 1072 2463 et
1093 2395 1201 2463 Gratii

186 2533 303 2583 uersus
314 2513 472 2598 singulari
484 2514 583 2600 plane
594 2512 763 2601 diligentia
777 2512 962 2602 descripsit
974 2512 1088 2593 codex,
1102 2532 1199 2601 quem

186 2632 319 2701 saeculo
340 2631 464 2699 decimo
486 2631 644 2717 scriptum
664 2648 744 2698 esse
763 2634 862 2720 periti
881 2634 1125 2701 existimatores
1147 2633 1200 2699 at·

187 2751 327 2840 tirmaut,
345 2750 493 2819 continet
513 2748 637 2816 satiras
658 2748 835 2833 quenalis,
855 2754 1089 2840 epigrammata
1109 2749 1200 2817 llar-

186 2869 289 2959 tinlis,
308 2869 548 2956 epithalamium
558 2863 691 2957 Catulli,
712 2868 803 2971 uaria
818 2871 961 2937 carmina
981 2871 1117 2957 minora,
1139 2889 1200 2939 ex·

188 2992 304 3072 cerpta
324 3006 369 3053 ex
389 2986 570 3072 tragoediis
598 2983 769 3056 Senecae:
798 2993 864 3053 tum
885 2987 941 3053 tol.
964 2982 1017 3051 58
1038 3005 1066 3051 r.
1089 2982 1199 3051 coleti

72 3132 88 3176 r-
190 3108 370 3189 sequuntar
409 3100 603 3170 Vnnsvs
640 3092 936 3171 euschemon
966 3099 1200 3169 ΡΟΕΤΙιΙΕ.

188 3220 252 3287 hos
278 3218 313 3286 in
341 3237 439 3287 uerso
466 3219 544 3289 tolio
571 3220 747 3291 halieutica
772 3220 881 3292 Ouidii
910 3221 1093 3310 excipiunt,
1120 3239 1203 3307 quae

190 3338 358 3427 pertinent
378 3336 422 3405 ad
434 3338 571 3407 mediam
592 3338 659 3405 folii
683 3337 735 3407 59
751 3340 836 3408 recti
856 3341 1037 3409 columnam
1058 3338 1204 3406 alteram.

189 3457 418 3544 interpositum
437 3455 525 3524 idern
545 3455 675 3525 Sidonii
696 3460 895 3546 epigramma
916 3461 1001 3549 quod
1022 3460 1056 3524 in
1077 3456 1205 3523 Vindo-

190 3575 331 3643 honensi
358 3575 471 3643 codice
498 3577 684 3645 halieuticis
705 3577 849 3645 additum
870 3586 924 3645 est
944 3581 1122 3664 sequuntur
1145 3593 1206 3660 cy-

191 3693 344 3780 negetica
354 3688 472 3780 Gratii,
492 3714 557 3761 non
568 3693 734 3762 distinctis
745 3696 896 3763 carminis
910 3693 1058 3760 uersibus
1070 3695 1204 3779 scripta,

192 3810 258 3881 nisi
275 3810 362 3898 quod
377 3828 506 3878 uersum
522 3810 597 3879 150
614 3819 648 3880 et
658 3833 774 3883 nouem
796 3814 848 3900 qui
871 3818 947 3899 post
967 3831 1038 3877 eum
1061 3830 1208 3898 sequun-

194 3936 247 3996 tur
267 3928 523 4001 litrariusrecte
546 3929 718 4020 disposuit,
741 3949 806 4001 nou
823 3930 1057 4003 ultramedium
1078 3950 1196 4019 uersun
