<?xml version="1.0" encoding="UTF-8"?>
<!DOCTYPE html PUBLIC "-//W3C//DTD XHTML 1.0 Transitional//EN"
    "http://www.w3.org/TR/xhtml1/DTD/xhtml1-transitional.dtd">
<html xmlns="http://www.w3.org/1999/xhtml" xml:lang="en" lang="en">
 <head>
  <title>
</title>
<meta http-equiv="Content-Type" content="text/html;charset=utf-8" />
  <meta name='ocr-system' content='tesseract 3.04.00' />
  <meta name='ocr-capabilities' content='ocr_page ocr_carea ocr_par ocr_line ocrx_word'/>
</head>
<body>
  <div class='ocr_page' id='page_1' title='image "./ovidiihalievtic00gratgoog_0048.png"; bbox 0 0 2476 4440; ppageno 0'>
   <div class='ocr_carea' id='block_1_1' title="bbox 10 544 1161 2823">
    <p class='ocr_par' dir='ltr' id='par_1_1' title="bbox 35 544 1052 679">
     <span class='ocr_line' id='line_1_1' title="bbox 35 544 1052 679; baseline -0.003 -24"><span class='ocrx_word' id='word_1_1' title='bbox 35 585 174 655; x_wconf 72' lang='lat' dir='ltr'><strong>remu.</strong></span> <span class='ocrx_word' id='word_1_2' title='bbox 194 583 228 651; x_wconf 83' lang='lat' dir='ltr'><strong>u.</strong></span> <span class='ocrx_word' id='word_1_3' title='bbox 250 603 285 651; x_wconf 77' lang='grc' dir='ltr'><strong>η.</strong></span> <span class='ocrx_word' id='word_1_4' title='bbox 309 581 373 673; x_wconf 77' lang='lat' dir='ltr'><strong>aa,</strong></span> <span class='ocrx_word' id='word_1_5' title='bbox 395 580 420 651; x_wconf 78' lang='lat' dir='ltr'><strong>a</strong></span> <span class='ocrx_word' id='word_1_6' title='bbox 442 576 524 679; x_wconf 73' lang='lat' dir='ltr'><strong>(a).</strong></span> <span class='ocrx_word' id='word_1_7' title='bbox 567 576 648 653; x_wconf 82' lang='lat' dir='ltr'><strong>uuo</strong></span> <span class='ocrx_word' id='word_1_8' title='bbox 661 544 1052 674; x_wconf 58' lang='lat' dir='ltr'><strong>urrumnoda...</strong></span> 
     </span>
    </p>

    <p class='ocr_par' dir='ltr' id='par_1_2' title="bbox 93 684 1054 978">
     <span class='ocr_line' id='line_1_2' title="bbox 93 684 1053 777; baseline -0.001 -20"><span class='ocrx_word' id='word_1_9' title='bbox 93 690 96 695; x_wconf 84' lang='lat'>&#39;</span> <span class='ocrx_word' id='word_1_10' title='bbox 124 685 263 757; x_wconf 82' lang='lat' dir='ltr'><strong>0uidius</strong></span> <span class='ocrx_word' id='word_1_11' title='bbox 284 685 427 776; x_wconf 82' lang='lat' dir='ltr'><strong>prodidit</strong></span> <span class='ocrx_word' id='word_1_12' title='bbox 448 684 584 777; x_wconf 75' lang='lat' dir='ltr'>piscium</span> <span class='ocrx_word' id='word_1_13' title='bbox 604 687 739 775; x_wconf 80' lang='lat' dir='ltr'><strong>ingenia</strong></span> <span class='ocrx_word' id='word_1_14' title='bbox 763 687 798 755; x_wconf 92' lang='lat' dir='ltr'><strong>iu</strong></span> <span class='ocrx_word' id='word_1_15' title='bbox 830 704 871 753; x_wconf 90' lang='lat' dir='ltr'><strong>eo</strong></span> <span class='ocrx_word' id='word_1_16' title='bbox 891 686 1053 756; x_wconf 86' lang='lat' dir='ltr'><strong>uolumine</strong></span> 
     </span>
     <span class='ocr_line' id='line_1_3' title="bbox 123 777 1054 879; baseline 0 -23"><span class='ocrx_word' id='word_1_17' title='bbox 123 789 211 879; x_wconf 89' lang='lat' dir='ltr'><strong>quod</strong></span> <span class='ocrx_word' id='word_1_18' title='bbox 249 789 445 857; x_wconf 78' lang='lat' dir='ltr'>halieuticon</span> <span class='ocrx_word' id='word_1_19' title='bbox 485 777 681 856; x_wconf 85' lang='lat' dir='ltr'><strong>inscribitur.</strong></span> <span class='ocrx_word' id='word_1_20' title='bbox 725 807 855 856; x_wconf 89' lang='lat' dir='ltr'><strong>scarum</strong></span> <span class='ocrx_word' id='word_1_21' title='bbox 896 789 1054 856; x_wconf 87' lang='lat' dir='ltr'><strong>inclusum</strong></span> 
     </span>
     <span class='ocr_line' id='line_1_4' title="bbox 124 889 1053 978; baseline -0.003 -19"><span class='ocrx_word' id='word_1_22' title='bbox 124 891 237 960; x_wconf 77' lang='lat' dir='ltr'>nassis</span> <span class='ocrx_word' id='word_1_23' title='bbox 257 910 324 958; x_wconf 91' lang='lat' dir='ltr'><strong>non</strong></span> <span class='ocrx_word' id='word_1_24' title='bbox 344 890 452 957; x_wconf 85' lang='lat' dir='ltr'><strong>fronte</strong></span> <span class='ocrx_word' id='word_1_25' title='bbox 480 907 651 978; x_wconf 78' lang='lat' dir='ltr'><strong>erumpere</strong></span> <span class='ocrx_word' id='word_1_26' title='bbox 677 908 742 958; x_wconf 88' lang='lat' dir='ltr'><strong>neo</strong></span> <span class='ocrx_word' id='word_1_27' title='bbox 768 889 901 957; x_wconf 84' lang='lat' dir='ltr'><strong>infestis</strong></span> <span class='ocrx_word' id='word_1_28' title='bbox 923 891 1053 957; x_wconf 90' lang='lat' dir='ltr'><strong>uimini-</strong></span> 
     </span>
    </p>

    <p class='ocr_par' dir='ltr' id='par_1_3' title="bbox 82 991 1137 1285">
     <span class='ocr_line' id='line_1_5' title="bbox 82 991 1054 1082; baseline 0 -24"><span class='ocrx_word' id='word_1_29' title='bbox 82 993 188 1060; x_wconf 81' lang='lat' dir='ltr'><strong>5bus</strong></span> <span class='ocrx_word' id='word_1_30' title='bbox 209 998 306 1081; x_wconf 88' lang='lat' dir='ltr'><strong>caput</strong></span> <span class='ocrx_word' id='word_1_31' title='bbox 325 991 486 1082; x_wconf 84' lang='lat' dir='ltr'><strong>inserere,</strong></span> <span class='ocrx_word' id='word_1_32' title='bbox 514 991 577 1059; x_wconf 92' lang='lat' dir='ltr'><strong>sed</strong></span> <span class='ocrx_word' id='word_1_33' title='bbox 604 1010 756 1060; x_wconf 86' lang='lat' dir='ltr'><strong>auersum</strong></span> <span class='ocrx_word' id='word_1_34' title='bbox 784 992 911 1060; x_wconf 88' lang='lat' dir='ltr'><strong>caudae</strong></span> <span class='ocrx_word' id='word_1_35' title='bbox 937 991 1054 1060; x_wconf 87' lang='lat' dir='ltr'><strong>ictibus</strong></span> 
     </span>
     <span class='ocr_line' id='line_1_6' title="bbox 125 1093 1137 1182; baseline -0.001 -20"><span class='ocrx_word' id='word_1_36' title='bbox 125 1094 249 1163; x_wconf 81' lang='lat' dir='ltr'><strong>crebris</strong></span> <span class='ocrx_word' id='word_1_37' title='bbox 269 1093 384 1163; x_wconf 85' lang='lat' dir='ltr'><strong>laxare</strong></span> <span class='ocrx_word' id='word_1_38' title='bbox 404 1094 494 1162; x_wconf 82' lang='lat' dir='ltr'><strong>iores</strong></span> <span class='ocrx_word' id='word_1_39' title='bbox 515 1099 614 1182; x_wconf 87' lang='lat' dir='ltr'><strong>atque</strong></span> <span class='ocrx_word' id='word_1_40' title='bbox 634 1095 684 1163; x_wconf 90' lang='lat' dir='ltr'><strong>ita</strong></span> <span class='ocrx_word' id='word_1_41' title='bbox 698 1100 879 1178; x_wconf 82' lang='lat' dir='ltr'><strong>retrorsum</strong></span> <span class='ocrx_word' id='word_1_42' title='bbox 898 1111 1054 1181; x_wconf 73' lang='lat' dir='ltr'><strong>creperet</strong></span> <span class='ocrx_word' id='word_1_43' title='bbox 1135 1157 1137 1161; x_wconf 86' lang='grc'><em>,</em></span> 
     </span>
     <span class='ocr_line' id='line_1_7' title="bbox 124 1195 1054 1285; baseline -0.003 -22"><span class='ocrx_word' id='word_1_44' title='bbox 124 1214 219 1285; x_wconf 86' lang='lat' dir='ltr'><strong>quem</strong></span> <span class='ocrx_word' id='word_1_45' title='bbox 239 1195 395 1265; x_wconf 91' lang='lat' dir='ltr'><strong>luctatum</strong></span> <span class='ocrx_word' id='word_1_46' title='bbox 416 1195 488 1263; x_wconf 87' lang='lat' dir='ltr'><strong>eius</strong></span> <span class='ocrx_word' id='word_1_47' title='bbox 510 1195 540 1261; x_wconf 88' lang='lat' dir='ltr'><strong>si</strong></span> <span class='ocrx_word' id='word_1_48' title='bbox 560 1195 645 1263; x_wconf 86' lang='lat' dir='ltr'><strong>forte</strong></span> <span class='ocrx_word' id='word_1_49' title='bbox 672 1196 757 1264; x_wconf 82' lang='lat' dir='ltr'><strong>alius</strong></span> <span class='ocrx_word' id='word_1_50' title='bbox 784 1214 901 1264; x_wconf 86' lang='lat' dir='ltr'><strong>scarus</strong></span> <span class='ocrx_word' id='word_1_51' title='bbox 923 1195 1054 1263; x_wconf 83' lang='lat' dir='ltr'><strong>extrin-</strong></span> 
     </span>
    </p>

    <p class='ocr_par' dir='ltr' id='par_1_4' title="bbox 10 1295 1161 2823">
     <span class='ocr_line' id='line_1_8' title="bbox 14 1295 1054 1385; baseline -0.006 -17"><span class='ocrx_word' id='word_1_52' title='bbox 14 1300 17 1305; x_wconf 83' lang='lat'>&#39;</span> <span class='ocrx_word' id='word_1_53' title='bbox 125 1317 224 1367; x_wconf 84' lang='lat' dir='ltr'><strong>secus</strong></span> <span class='ocrx_word' id='word_1_54' title='bbox 244 1296 368 1385; x_wconf 83' lang='lat' dir='ltr'><strong>uideat,</strong></span> <span class='ocrx_word' id='word_1_55' title='bbox 398 1295 609 1383; x_wconf 89' lang='lat' dir='ltr'><strong>adprehensa</strong></span> <span class='ocrx_word' id='word_1_56' title='bbox 635 1297 798 1363; x_wconf 89' lang='lat' dir='ltr'><strong>mordicus</strong></span> <span class='ocrx_word' id='word_1_57' title='bbox 824 1296 931 1365; x_wconf 84' lang='lat' dir='ltr'><strong>cauda</strong></span> <span class='ocrx_word' id='word_1_58' title='bbox 958 1295 1054 1363; x_wconf 91' lang='lat' dir='ltr'><strong>adiu-</strong></span> 
     </span>
     <span class='ocr_line' id='line_1_9' title="bbox 122 1394 1055 1482; baseline -0.008 -13"><span class='ocrx_word' id='word_1_59' title='bbox 122 1419 203 1470; x_wconf 88' lang='lat' dir='ltr'><strong>uare</strong></span> <span class='ocrx_word' id='word_1_60' title='bbox 222 1398 318 1466; x_wconf 90' lang='lat' dir='ltr'><strong>nisus</strong></span> <span class='ocrx_word' id='word_1_61' title='bbox 340 1396 553 1482; x_wconf 87' lang='lat' dir='ltr'><strong>erumpentis.</strong></span> <span class='ocrx_word' id='word_1_62' title='bbox 594 1394 705 1481; x_wconf 90' lang='lat' dir='ltr'><strong>lupum</strong></span> <span class='ocrx_word' id='word_1_63' title='bbox 728 1401 804 1462; x_wconf 90' lang='lat' dir='ltr'><strong>rete</strong></span> <span class='ocrx_word' id='word_1_64' title='bbox 824 1395 1055 1462; x_wconf 89' lang='lat' dir='ltr'><strong>circumdatum</strong></span> 
     </span>
     <span class='ocr_line' id='line_1_10' title="bbox 60 1494 1056 1583; baseline -0.004 -17"><span class='ocrx_word' id='word_1_65' title='bbox 60 1507 104 1566; x_wconf 86' lang='lat'><strong>10</strong></span> <span class='ocrx_word' id='word_1_66' title='bbox 126 1501 268 1569; x_wconf 88' lang='lat' dir='ltr'><strong>harenas</strong></span> <span class='ocrx_word' id='word_1_67' title='bbox 288 1513 386 1563; x_wconf 88' lang='lat' dir='ltr'><strong>arare</strong></span> <span class='ocrx_word' id='word_1_68' title='bbox 408 1495 513 1565; x_wconf 91' lang='lat' dir='ltr'><strong>cauda</strong></span> <span class='ocrx_word' id='word_1_69' title='bbox 527 1495 793 1583; x_wconf 84' lang='lat' dir='ltr'><strong>atqueitncondi</strong></span> <span class='ocrx_word' id='word_1_70' title='bbox 813 1494 891 1564; x_wconf 93' lang='lat' dir='ltr'><strong>dum</strong></span> <span class='ocrx_word' id='word_1_71' title='bbox 904 1501 1056 1563; x_wconf 85' lang='lat' dir='ltr'><strong>transeat</strong></span> 
     </span>
     <span class='ocr_line' id='line_1_11' title="bbox 122 1596 1056 1687; baseline -0.005 -18"><span class='ocrx_word' id='word_1_72' title='bbox 122 1607 208 1669; x_wconf 92' lang='lat' dir='ltr'><strong>rete.</strong></span> <span class='ocrx_word' id='word_1_73' title='bbox 256 1615 445 1665; x_wconf 80' lang='lat' dir='ltr'><strong>muraenam</strong></span> <span class='ocrx_word' id='word_1_74' title='bbox 471 1597 618 1665; x_wconf 89' lang='lat' dir='ltr'><strong>maculas</strong></span> <span class='ocrx_word' id='word_1_75' title='bbox 645 1596 804 1684; x_wconf 80' lang='lat' dir='ltr'><strong>adpetere</strong></span> <span class='ocrx_word' id='word_1_76' title='bbox 830 1598 943 1687; x_wconf 80' lang='lat' dir='ltr'><strong>ipsas,</strong></span> <span class='ocrx_word' id='word_1_77' title='bbox 973 1615 1056 1664; x_wconf 90' lang='lat' dir='ltr'><strong>con·</strong></span> 
     </span>
     <span class='ocr_line' id='line_1_12' title="bbox 124 1688 1054 1789; baseline -0.008 -18"><span class='ocrx_word' id='word_1_78' title='bbox 124 1702 228 1771; x_wconf 88' lang='lat' dir='ltr'><strong>sciam</strong></span> <span class='ocrx_word' id='word_1_79' title='bbox 249 1697 368 1767; x_wconf 89' lang='lat' dir='ltr'><strong>teretis</strong></span> <span class='ocrx_word' id='word_1_80' title='bbox 389 1717 429 1768; x_wconf 88' lang='lat' dir='ltr'><strong>ae</strong></span> <span class='ocrx_word' id='word_1_81' title='bbox 448 1700 564 1767; x_wconf 91' lang='lat' dir='ltr'><strong>lubrici</strong></span> <span class='ocrx_word' id='word_1_82' title='bbox 585 1700 681 1789; x_wconf 82' lang='lat' dir='ltr'><strong>tergi,</strong></span> <span class='ocrx_word' id='word_1_83' title='bbox 701 1704 769 1765; x_wconf 89' lang='lat' dir='ltr'><strong>tum</strong></span> <span class='ocrx_word' id='word_1_84' title='bbox 785 1698 954 1788; x_wconf 90' lang='lat' dir='ltr'><strong>multiplici</strong></span> <span class='ocrx_word' id='word_1_85' title='bbox 965 1688 1054 1766; x_wconf 80' lang='lat' dir='ltr'><strong>flexu</strong></span> 
     </span>
     <span class='ocr_line' id='line_1_13' title="bbox 120 1799 1139 1893; baseline -0.006 -22"><span class='ocrx_word' id='word_1_86' title='bbox 120 1802 243 1893; x_wconf 82' lang='lat' dir='ltr'><strong>lauare¹</strong></span> <span class='ocrx_word' id='word_1_87' title='bbox 265 1802 371 1871; x_wconf 87' lang='lat' dir='ltr'><strong>donec</strong></span> <span class='ocrx_word' id='word_1_88' title='bbox 398 1801 530 1871; x_wconf 88' lang='lat' dir='ltr'><strong>euadat.</strong></span> <span class='ocrx_word' id='word_1_89' title='bbox 572 1801 727 1890; x_wconf 86' lang='lat' dir='ltr'><strong>polypum</strong></span> <span class='ocrx_word' id='word_1_90' title='bbox 753 1800 869 1869; x_wconf 86' lang='lat' dir='ltr'><strong>hamos</strong></span> <span class='ocrx_word' id='word_1_91' title='bbox 894 1799 1056 1891; x_wconf 90' lang='lat' dir='ltr'><strong>adpetere</strong></span> <span class='ocrx_word' id='word_1_92' title='bbox 1137 1806 1139 1811; x_wconf 76' lang='grc'>’</span> 
     </span>
     <span class='ocr_line' id='line_1_14' title="bbox 121 1901 1055 1995; baseline -0.005 -22"><span class='ocrx_word' id='word_1_93' title='bbox 121 1903 329 1995; x_wconf 80' lang='lat' dir='ltr'><strong>brachiisque</strong></span> <span class='ocrx_word' id='word_1_94' title='bbox 350 1904 539 1995; x_wconf 79' lang='lat' dir='ltr'><strong>complecti,</strong></span> <span class='ocrx_word' id='word_1_95' title='bbox 575 1923 643 1971; x_wconf 90' lang='lat' dir='ltr'><strong>uon</strong></span> <span class='ocrx_word' id='word_1_96' title='bbox 662 1923 784 1992; x_wconf 79' lang='lat' dir='ltr'><strong>morsu,</strong></span> <span class='ocrx_word' id='word_1_97' title='bbox 803 1921 868 1971; x_wconf 89' lang='lat' dir='ltr'><strong>nec</strong></span> <span class='ocrx_word' id='word_1_98' title='bbox 888 1901 981 1990; x_wconf 91' lang='lat' dir='ltr'><strong>prius</strong></span> <span class='ocrx_word' id='word_1_99' title='bbox 1002 1901 1055 1968; x_wconf 93' lang='lat' dir='ltr'><strong>di-</strong></span> 
     </span>
     <span class='ocr_line' id='line_1_15' title="bbox 62 1998 1055 2093; baseline -0.005 -19"><span class='ocrx_word' id='word_1_100' title='bbox 62 2008 104 2074; x_wconf 74' lang='lat' dir='ltr'><strong>lb</strong></span> <span class='ocrx_word' id='word_1_101' title='bbox 123 2007 255 2075; x_wconf 89' lang='lat' dir='ltr'><strong>mittere</strong></span> <span class='ocrx_word' id='word_1_102' title='bbox 277 2023 373 2093; x_wconf 87' lang='lat' dir='ltr'><strong>quam</strong></span> <span class='ocrx_word' id='word_1_103' title='bbox 393 1998 512 2073; x_wconf 81' lang='lat' dir='ltr'><strong>escum</strong></span> <span class='ocrx_word' id='word_1_104' title='bbox 526 2005 775 2093; x_wconf 81' lang='lat' dir='ltr'><strong>circumroserit,</strong></span> <span class='ocrx_word' id='word_1_105' title='bbox 795 2010 853 2072; x_wconf 85' lang='lat' dir='ltr'><strong>eut</strong></span> <span class='ocrx_word' id='word_1_106' title='bbox 871 2001 1055 2071; x_wconf 89' lang='lat' dir='ltr'><strong>harundine</strong></span> 
     </span>
     <span class='ocr_line' id='line_1_16' title="bbox 122 2104 1056 2194; baseline -0.001 -20"><span class='ocrx_word' id='word_1_107' title='bbox 122 2109 265 2178; x_wconf 89' lang='lat' dir='ltr'><strong>leuatum</strong></span> <span class='ocrx_word' id='word_1_108' title='bbox 286 2112 384 2173; x_wconf 84' lang='lat' dir='ltr'><strong>extro</strong></span> <span class='ocrx_word' id='word_1_109' title='bbox 404 2125 532 2194; x_wconf 90' lang='lat' dir='ltr'><strong>aquam.</strong></span> <span class='ocrx_word' id='word_1_110' title='bbox 558 2109 622 2175; x_wconf 90' lang='lat' dir='ltr'><strong>scit</strong></span> <span class='ocrx_word' id='word_1_111' title='bbox 643 2110 679 2174; x_wconf 89' lang='lat' dir='ltr'><strong>et</strong></span> <span class='ocrx_word' id='word_1_112' title='bbox 698 2105 797 2194; x_wconf 86' lang='lat' dir='ltr'><strong>mugil</strong></span> <span class='ocrx_word' id='word_1_113' title='bbox 818 2113 897 2172; x_wconf 86' lang='lat' dir='ltr'><strong>esse</strong></span> <span class='ocrx_word' id='word_1_114' title='bbox 916 2104 953 2173; x_wconf 93' lang='lat' dir='ltr'><strong>in</strong></span> <span class='ocrx_word' id='word_1_115' title='bbox 974 2123 1056 2173; x_wconf 89' lang='lat' dir='ltr'><strong>esca</strong></span> 
     </span>
     <span class='ocr_line' id='line_1_17' title="bbox 10 2207 1054 2301; baseline -0.002 -25"><span class='ocrx_word' id='word_1_116' title='bbox 10 2278 12 2285; x_wconf 80' lang='grc'>,</span> <span class='ocrx_word' id='word_1_117' title='bbox 121 2211 250 2276; x_wconf 91' lang='lat' dir='ltr'><strong>hamum</strong></span> <span class='ocrx_word' id='word_1_118' title='bbox 271 2207 473 2296; x_wconf 86' lang='lat' dir='ltr'><strong>insidiasque</strong></span> <span class='ocrx_word' id='word_1_119' title='bbox 498 2227 565 2277; x_wconf 90' lang='lat' dir='ltr'><strong>nou</strong></span> <span class='ocrx_word' id='word_1_120' title='bbox 591 2211 738 2301; x_wconf 80' lang='lat' dir='ltr'><strong>ignorat3</strong></span> <span class='ocrx_word' id='word_1_121' title='bbox 771 2207 915 2274; x_wconf 87' lang='lat' dir='ltr'><strong>auiditas</strong></span> <span class='ocrx_word' id='word_1_122' title='bbox 943 2213 1054 2275; x_wconf 89' lang='lat' dir='ltr'><strong>tamen</strong></span> 
     </span>
     <span class='ocr_line' id='line_1_18' title="bbox 10 2308 1052 2379; baseline -0.002 -1"><span class='ocrx_word' id='word_1_123' title='bbox 10 2308 15 2329; x_wconf 88' lang='lat'>&#39;</span> <span class='ocrx_word' id='word_1_124' title='bbox 122 2315 216 2379; x_wconf 90' lang='lat' dir='ltr'><strong>tauta</strong></span> <span class='ocrx_word' id='word_1_125' title='bbox 247 2317 302 2377; x_wconf 89' lang='lat' dir='ltr'><strong>est</strong></span> <span class='ocrx_word' id='word_1_126' title='bbox 327 2316 363 2379; x_wconf 92' lang='lat' dir='ltr'><strong>ut</strong></span> <span class='ocrx_word' id='word_1_127' title='bbox 390 2311 495 2379; x_wconf 91' lang='lat' dir='ltr'><strong>cauda</strong></span> <span class='ocrx_word' id='word_1_128' title='bbox 515 2309 725 2379; x_wconf 88' lang='lat' dir='ltr'><strong>uerberando</strong></span> <span class='ocrx_word' id='word_1_129' title='bbox 761 2309 908 2378; x_wconf 85' lang='lat' dir='ltr'><strong>excutiat</strong></span> <span class='ocrx_word' id='word_1_130' title='bbox 936 2308 1052 2376; x_wconf 89' lang='lat' dir='ltr'><strong>cibum.</strong></span> 
     </span>
     <span class='ocr_line' id='line_1_19' title="bbox 123 2409 1150 2519; baseline -0.002 -41"><span class='ocrx_word' id='word_1_131' title='bbox 123 2412 230 2479; x_wconf 90' lang='lat' dir='ltr'><strong>miuus</strong></span> <span class='ocrx_word' id='word_1_132' title='bbox 251 2413 286 2480; x_wconf 90' lang='lat' dir='ltr'><strong>in</strong></span> <span class='ocrx_word' id='word_1_133' title='bbox 307 2412 510 2500; x_wconf 91' lang='lat' dir='ltr'><strong>prouidendo</strong></span> <span class='ocrx_word' id='word_1_134' title='bbox 531 2413 627 2501; x_wconf 92' lang='lat' dir='ltr'><strong>lupus</strong></span> <span class='ocrx_word' id='word_1_135' title='bbox 649 2413 818 2481; x_wconf 84' lang='lat' dir='ltr'><strong>sollertiae</strong></span> <span class='ocrx_word' id='word_1_136' title='bbox 838 2410 956 2497; x_wconf 90' lang='lat' dir='ltr'><strong>habet,</strong></span> <span class='ocrx_word' id='word_1_137' title='bbox 992 2409 1095 2519; x_wconf 29' lang='lat' dir='ltr'><strong>sed&amp;</strong></span> <span class='ocrx_word' id='word_1_138' title='bbox 1116 2446 1150 2499; x_wconf 49' lang='lat' dir='ltr'><strong>p</strong></span> 
     </span>
     <span class='ocr_line' id='line_1_20' title="bbox 10 2490 1161 2604; baseline 0.001 -26"><span class='ocrx_word' id='word_1_139' title='bbox 10 2510 14 2557; x_wconf 57' lang='grc' dir='ltr'><em>ἴ</em></span> <span class='ocrx_word' id='word_1_140' title='bbox 58 2516 102 2578; x_wconf 67' lang='lat'><strong>20</strong></span> <span class='ocrx_word' id='word_1_141' title='bbox 123 2533 275 2601; x_wconf 80' lang='lat' dir='ltr'><strong>magnum</strong></span> <span class='ocrx_word' id='word_1_142' title='bbox 294 2515 390 2581; x_wconf 89' lang='lat' dir='ltr'><strong>robur</strong></span> <span class='ocrx_word' id='word_1_143' title='bbox 412 2516 454 2594; x_wconf 89' lang='lat' dir='ltr'><strong>in</strong></span> <span class='ocrx_word' id='word_1_144' title='bbox 481 2514 690 2604; x_wconf 90' lang='lat' dir='ltr'><strong>paenitendo.</strong></span> <span class='ocrx_word' id='word_1_145' title='bbox 723 2534 799 2581; x_wconf 90' lang='lat' dir='ltr'><strong>nam</strong></span> <span class='ocrx_word' id='word_1_146' title='bbox 826 2517 863 2578; x_wconf 93' lang='lat' dir='ltr'><strong>ut</strong></span> <span class='ocrx_word' id='word_1_147' title='bbox 889 2511 999 2580; x_wconf 88' lang='lat' dir='ltr'><strong>haesit</strong></span> <span class='ocrx_word' id='word_1_148' title='bbox 1018 2504 1065 2579; x_wconf 74' lang='lat' dir='ltr'><strong>in&#39;¹</strong></span> <span class='ocrx_word' id='word_1_149' title='bbox 1082 2490 1161 2593; x_wconf 52' lang='grc' dir='ltr'><strong>ἐξῧ</strong></span> 
     </span>
     <span class='ocr_line' id='line_1_21' title="bbox 10 2598 1055 2703; baseline -0.001 -22"><span class='ocrx_word' id='word_1_150' title='bbox 10 2598 37 2651; x_wconf 56' lang='grc' dir='ltr'><strong><em>Γ</em></strong></span> <span class='ocrx_word' id='word_1_151' title='bbox 125 2613 239 2703; x_wconf 86' lang='lat' dir='ltr'><strong>hamo,</strong></span> <span class='ocrx_word' id='word_1_152' title='bbox 264 2615 459 2684; x_wconf 87' lang='lat' dir='ltr'><strong>tumultuoso</strong></span> <span class='ocrx_word' id='word_1_153' title='bbox 486 2619 634 2685; x_wconf 87' lang='lat' dir='ltr'><strong>discursu</strong></span> <span class='ocrx_word' id='word_1_154' title='bbox 660 2617 751 2683; x_wconf 84' lang='lat' dir='ltr'><strong>laxat</strong></span> <span class='ocrx_word' id='word_1_155' title='bbox 783 2612 919 2680; x_wconf 88' lang='lat' dir='ltr'><strong>uolnera</strong></span> <span class='ocrx_word' id='word_1_156' title='bbox 947 2611 1055 2680; x_wconf 86' lang='lat' dir='ltr'><strong>donec</strong></span> 
     </span>
     <span class='ocr_line' id='line_1_22' title="bbox 10 2682 1055 2823; baseline 0.008 -45"><span class='ocrx_word' id='word_1_157' title='bbox 10 2682 39 2823; x_wconf 34' lang='grc' dir='ltr'><strong>ᾗ</strong></span> <span class='ocrx_word' id='word_1_158' title='bbox 129 2711 286 2781; x_wconf 85' lang='lat' dir='ltr'><strong>excidant</strong></span> <span class='ocrx_word' id='word_1_159' title='bbox 311 2715 464 2787; x_wconf 87' lang='lat' dir='ltr'><strong>insidiae.</strong></span> <span class='ocrx_word' id='word_1_160' title='bbox 512 2736 687 2789; x_wconf 88' lang='lat' dir='ltr'><strong>muraenae</strong></span> <span class='ocrx_word' id='word_1_161' title='bbox 724 2718 862 2805; x_wconf 89' lang='lat' dir='ltr'><strong>amplius</strong></span> <span class='ocrx_word' id='word_1_162' title='bbox 894 2717 1055 2787; x_wconf 88' lang='lat' dir='ltr'><strong>deuorant</strong></span> 
     </span>
    </p>
   </div>
   <div class='ocr_carea' id='block_1_2' title="bbox 10 2972 1054 3449">
    <p class='ocr_par' dir='ltr' id='par_1_5' title="bbox 10 2972 1054 3351">
     <span class='ocr_line' id='line_1_23' title="bbox 10 2972 1054 3076; baseline 0.001 -51"><span class='ocrx_word' id='word_1_163' title='bbox 10 3022 20 3033; x_wconf 81' lang='grc'><strong>,</strong></span> <span class='ocrx_word' id='word_1_164' title='bbox 39 2975 67 3025; x_wconf 77' lang='lat'><strong>8.</strong></span> <span class='ocrx_word' id='word_1_165' title='bbox 83 2972 248 3024; x_wconf 85' lang='lat' dir='ltr'><strong>halleutieon</strong></span> <span class='ocrx_word' id='word_1_166' title='bbox 265 2975 430 3076; x_wconf 31' lang='lat' dir='ltr'><strong>¹&amp;scribitur</strong></span> <span class='ocrx_word' id='word_1_167' title='bbox 443 2975 464 3029; x_wconf 89' lang='grc' dir='ltr'><strong><em>Ι</em></strong></span> <span class='ocrx_word' id='word_1_168' title='bbox 484 2976 588 3041; x_wconf 74' lang='lat' dir='ltr'><strong>(codem</strong></span> <span class='ocrx_word' id='word_1_169' title='bbox 603 2978 812 3044; x_wconf 63' lang='lat' dir='ltr'><strong>homonyma</strong></span> <span class='ocrx_word' id='word_1_170' title='bbox 826 2975 861 3029; x_wconf 83' lang='lat' dir='ltr'><strong><em>M</em></strong></span> <span class='ocrx_word' id='word_1_171' title='bbox 864 2977 932 3043; x_wconf 84' lang='lat' dir='ltr'><strong><em>VII,</em></strong></span> <span class='ocrx_word' id='word_1_172' title='bbox 949 2977 1054 3030; x_wconf 76' lang='lat' dir='ltr'><strong>cuccoli</strong></span> 
     </span>
     <span class='ocr_line' id='line_1_24' title="bbox 10 3060 1053 3149; baseline 0.005 -22"><span class='ocrx_word' id='word_1_173' title='bbox 10 3060 102 3149; x_wconf 37' lang='lat'><strong>21),</strong></span> <span class='ocrx_word' id='word_1_174' title='bbox 125 3075 210 3126; x_wconf 82' lang='lat' dir='ltr'><strong>auom</strong></span> <span class='ocrx_word' id='word_1_175' title='bbox 232 3079 411 3130; x_wconf 80' lang='lat' dir='ltr'><strong>conscribitur</strong></span> <span class='ocrx_word' id='word_1_176' title='bbox 427 3079 458 3131; x_wconf 92' lang='lat' dir='ltr'><strong><em>K</em></strong></span> <span class='ocrx_word' id='word_1_177' title='bbox 478 3079 582 3143; x_wconf 71' lang='lat' dir='ltr'><strong>(cudero</strong></span> <span class='ocrx_word' id='word_1_178' title='bbox 609 3079 926 3146; x_wconf 65' lang='lat' dir='ltr'><strong>resacrambam,</strong></span> <span class='ocrx_word' id='word_1_179' title='bbox 947 3080 1053 3132; x_wconf 75' lang='lat' dir='ltr'><strong>soeculi</strong></span> 
     </span>
     <span class='ocr_line' id='line_1_25' title="bbox 10 3145 1053 3258; baseline 0.002 -30"><span class='ocrx_word' id='word_1_180' title='bbox 10 3216 28 3255; x_wconf 19' lang='grc' dir='ltr'><em>ἦ</em></span> <span class='ocrx_word' id='word_1_181' title='bbox 41 3174 132 3241; x_wconf 74' lang='lat'><strong><em>111).</em></strong></span> <span class='ocrx_word' id='word_1_182' title='bbox 205 3145 311 3229; x_wconf 52' lang='lat' dir='ltr'><strong>scanno</strong></span> <span class='ocrx_word' id='word_1_183' title='bbox 326 3179 352 3245; x_wconf 85' lang='grc' dir='ltr'><strong>Ι,</strong></span> <span class='ocrx_word' id='word_1_184' title='bbox 368 3180 513 3258; x_wconf 63' lang='lat' dir='ltr'><strong>eorunm</strong></span> <span class='ocrx_word' id='word_1_185' title='bbox 581 3181 609 3235; x_wconf 72' lang='lat' dir='ltr'><strong>l.</strong></span> <span class='ocrx_word' id='word_1_186' title='bbox 626 3184 731 3243; x_wconf 80' lang='lat' dir='ltr'><strong>horte]</strong></span> <span class='ocrx_word' id='word_1_187' title='bbox 747 3183 819 3233; x_wconf 83' lang='lat' dir='ltr'><strong>torto</strong></span> <span class='ocrx_word' id='word_1_188' title='bbox 833 3182 872 3234; x_wconf 97' lang='lat' dir='ltr'><strong>K.</strong></span> <span class='ocrx_word' id='word_1_189' title='bbox 941 3184 966 3232; x_wconf 83' lang='grc'><strong>6.</strong></span> <span class='ocrx_word' id='word_1_190' title='bbox 983 3191 1053 3245; x_wconf 77' lang='lat' dir='ltr'><strong>aque</strong></span> 
     </span>
     <span class='ocr_line' id='line_1_26' title="bbox 10 3274 1054 3351; baseline 0.005 -22"><span class='ocrx_word' id='word_1_191' title='bbox 10 3274 68 3345; x_wconf 61' lang='grc'><strong>’,1.</strong></span> <span class='ocrx_word' id='word_1_192' title='bbox 134 3278 241 3341; x_wconf 83' lang='lat' dir='ltr'><strong>eripere</strong></span> <span class='ocrx_word' id='word_1_193' title='bbox 257 3277 296 3342; x_wconf 92' lang='lat' dir='ltr'><strong>K,</strong></span> <span class='ocrx_word' id='word_1_194' title='bbox 312 3290 407 3342; x_wconf 85' lang='lat' dir='ltr'><strong>repere</strong></span> <span class='ocrx_word' id='word_1_195' title='bbox 424 3281 449 3346; x_wconf 72' lang='lat' dir='ltr'><strong>l,</strong></span> <span class='ocrx_word' id='word_1_196' title='bbox 464 3283 555 3336; x_wconf 83' lang='lat' dir='ltr'><strong>redire</strong></span> <span class='ocrx_word' id='word_1_197' title='bbox 572 3283 697 3336; x_wconf 78' lang='lat' dir='ltr'><strong>Irldms</strong></span> <span class='ocrx_word' id='word_1_198' title='bbox 711 3297 753 3335; x_wconf 88' lang='lat' dir='ltr'><strong>or.</strong></span> <span class='ocrx_word' id='word_1_199' title='bbox 770 3284 813 3351; x_wconf 71' lang='lat'><strong>12,</strong></span> <span class='ocrx_word' id='word_1_200' title='bbox 825 3286 851 3348; x_wconf 82' lang='grc'><strong>6,</strong></span> <span class='ocrx_word' id='word_1_201' title='bbox 862 3283 911 3334; x_wconf 79' lang='lat'><strong>³0:</strong></span> <span class='ocrx_word' id='word_1_202' title='bbox 927 3283 1054 3334; x_wconf 74' lang='lat' dir='ltr'><strong>corrosit</strong></span> 
     </span>
    </p>

    <p class='ocr_par' dir='ltr' id='par_1_6' title="bbox 43 3357 1053 3449">
     <span class='ocr_line' id='line_1_27' title="bbox 43 3357 1053 3449; baseline 0.009 -20"><span class='ocrx_word' id='word_1_203' title='bbox 43 3376 179 3432; x_wconf 69' lang='lat' dir='ltr'><strong>umorue</strong></span> <span class='ocrx_word' id='word_1_204' title='bbox 256 3378 281 3430; x_wconf 80' lang='lat' dir='ltr'><strong>r.</strong></span> <span class='ocrx_word' id='word_1_205' title='bbox 300 3357 409 3440; x_wconf 64' lang='lat' dir='ltr'><strong>urard</strong></span> <span class='ocrx_word' id='word_1_206' title='bbox 422 3380 460 3434; x_wconf 84' lang='lat' dir='ltr'><strong>rr.</strong></span> <span class='ocrx_word' id='word_1_207' title='bbox 549 3385 702 3439; x_wconf 61' lang='lat' dir='ltr'><strong>aanor.</strong></span> <span class='ocrx_word' id='word_1_208' title='bbox 794 3387 821 3437; x_wconf 82' lang='lat' dir='ltr'><strong>s</strong></span> <span class='ocrx_word' id='word_1_209' title='bbox 843 3385 934 3436; x_wconf 70' lang='lat' dir='ltr'><strong>uuae</strong></span> <span class='ocrx_word' id='word_1_210' title='bbox 955 3385 1053 3449; x_wconf 67' lang='lat' dir='ltr'><strong>rupre-</strong></span> 
     </span>
    </p>
   </div>
   <div class='ocr_carea' id='block_1_3' title="bbox 45 3478 1053 3655">
    <p class='ocr_par' dir='ltr' id='par_1_7' title="bbox 45 3478 1053 3655">
     <span class='ocr_line' id='line_1_28' title="bbox 46 3478 1053 3569; baseline 0.011 -42"><span class='ocrx_word' id='word_1_211' title='bbox 46 3489 123 3532; x_wconf 81' lang='lat' dir='ltr'><strong>rensa</strong></span> <span class='ocrx_word' id='word_1_212' title='bbox 140 3478 283 3533; x_wconf 75' lang='lat' dir='ltr'><strong>uocatur.</strong></span> <span class='ocrx_word' id='word_1_213' title='bbox 343 3483 379 3531; x_wconf 71' lang='lat' dir='ltr'><strong>b.</strong></span> <span class='ocrx_word' id='word_1_214' title='bbox 396 3485 572 3562; x_wconf 67' lang='lat' dir='ltr'><strong>erumpentis</strong></span> <span class='ocrx_word' id='word_1_215' title='bbox 588 3483 612 3547; x_wconf 83' lang='grc' dir='ltr'><strong>Ι,</strong></span> <span class='ocrx_word' id='word_1_216' title='bbox 629 3498 767 3551; x_wconf 78' lang='lat' dir='ltr'><strong>erumpere</strong></span> <span class='ocrx_word' id='word_1_217' title='bbox 783 3486 821 3540; x_wconf 88' lang='lat' dir='ltr'><strong>K.</strong></span> <span class='ocrx_word' id='word_1_218' title='bbox 889 3486 933 3538; x_wconf 84' lang='lat'><strong>1⁰.</strong></span> <span class='ocrx_word' id='word_1_219' title='bbox 950 3487 1053 3569; x_wconf 67' lang='lat' dir='ltr'><strong>caudae</strong></span> 
     </span>
     <span class='ocr_line' id='line_1_29' title="bbox 45 3577 1053 3655; baseline 0.013 -27"><span class='ocrx_word' id='word_1_220' title='bbox 45 3577 70 3628; x_wconf 83' lang='lat'><strong>1.</strong></span> <span class='ocrx_word' id='word_1_221' title='bbox 137 3583 280 3633; x_wconf 86' lang='lat' dir='ltr'><strong>condidam</strong></span> <span class='ocrx_word' id='word_1_222' title='bbox 297 3582 321 3648; x_wconf 87' lang='lat'><strong>1,</strong></span> <span class='ocrx_word' id='word_1_223' title='bbox 339 3583 476 3635; x_wconf 82' lang='lat' dir='ltr'><strong>condltu&#39;n</strong></span> <span class='ocrx_word' id='word_1_224' title='bbox 492 3582 533 3637; x_wconf 65' lang='lat' dir='ltr'><strong>K?</strong></span> <span class='ocrx_word' id='word_1_225' title='bbox 605 3585 649 3637; x_wconf 85' lang='lat'><strong>11.</strong></span> <span class='ocrx_word' id='word_1_226' title='bbox 665 3590 725 3639; x_wconf 84' lang='lat' dir='ltr'><strong>rete</strong></span> <span class='ocrx_word' id='word_1_227' title='bbox 741 3601 784 3641; x_wconf 83' lang='lat' dir='ltr'><strong>om</strong></span> <span class='ocrx_word' id='word_1_228' title='bbox 800 3588 837 3641; x_wconf 87' lang='lat' dir='ltr'><strong>K.</strong></span> <span class='ocrx_word' id='word_1_229' title='bbox 910 3591 989 3655; x_wconf 72' lang='lat' dir='ltr'><strong>atque</strong></span> <span class='ocrx_word' id='word_1_230' title='bbox 1012 3591 1053 3640; x_wconf 70' lang='lat' dir='ltr'><strong>lta</strong></span> 
     </span>
    </p>
   </div>
   <div class='ocr_carea' id='block_1_4' title="bbox 16 3661 1051 3848">
    <p class='ocr_par' dir='ltr' id='par_1_8' title="bbox 16 3661 1051 3848">
     <span class='ocr_line' id='line_1_30' title="bbox 16 3661 1051 3757; baseline 0.01 -26"><span class='ocrx_word' id='word_1_231' title='bbox 16 3724 25 3739; x_wconf 85' lang='lat'>‚</span> <span class='ocrx_word' id='word_1_232' title='bbox 46 3661 181 3735; x_wconf 71' lang='lat' dir='ltr'><strong>unnim</strong></span> <span class='ocrx_word' id='word_1_233' title='bbox 197 3685 313 3738; x_wconf 71' lang='lat' dir='ltr'><strong>troarne</strong></span> <span class='ocrx_word' id='word_1_234' title='bbox 329 3688 389 3738; x_wconf 77' lang='lat' dir='ltr'><strong>rece</strong></span> <span class='ocrx_word' id='word_1_235' title='bbox 405 3687 456 3741; x_wconf 73' lang='lat' dir='ltr'><strong>arur</strong></span> <span class='ocrx_word' id='word_1_236' title='bbox 471 3686 584 3752; x_wconf 70' lang='lat' dir='ltr'><strong>coron,</strong></span> <span class='ocrx_word' id='word_1_237' title='bbox 601 3687 681 3757; x_wconf 63' lang='lat' dir='ltr'><strong>rma</strong></span> <span class='ocrx_word' id='word_1_238' title='bbox 695 3690 893 3757; x_wconf 64' lang='lat' dir='ltr'><strong>operabam</strong></span> <span class='ocrx_word' id='word_1_239' title='bbox 909 3689 955 3754; x_wconf 82' lang='lat' dir='ltr'><strong>ra,</strong></span> <span class='ocrx_word' id='word_1_240' title='bbox 968 3691 994 3754; x_wconf 85' lang='lat' dir='ltr'><strong>o,</strong></span> <span class='ocrx_word' id='word_1_241' title='bbox 1005 3687 1051 3741; x_wconf 77' lang='lat' dir='ltr'><strong>ac</strong></span> 
     </span>
     <span class='ocr_line' id='line_1_31' title="bbox 110 3787 1011 3848; baseline 0.002 -12"><span class='ocrx_word' id='word_1_242' title='bbox 110 3794 265 3837; x_wconf 83' lang='lat' dir='ltr'><strong>muraenam</strong></span> <span class='ocrx_word' id='word_1_243' title='bbox 286 3800 330 3838; x_wconf 80' lang='lat' dir='ltr'><strong>om</strong></span> <span class='ocrx_word' id='word_1_244' title='bbox 345 3789 383 3843; x_wconf 91' lang='lat' dir='ltr'><strong>K.</strong></span> <span class='ocrx_word' id='word_1_245' title='bbox 452 3789 496 3841; x_wconf 75' lang='lat'><strong>18.</strong></span> <span class='ocrx_word' id='word_1_246' title='bbox 514 3792 569 3840; x_wconf 89' lang='lat' dir='ltr'><strong>tum</strong></span> <span class='ocrx_word' id='word_1_247' title='bbox 586 3787 631 3841; x_wconf 76' lang='lat' dir='ltr'><strong>K:</strong></span> <span class='ocrx_word' id='word_1_248' title='bbox 655 3803 716 3846; x_wconf 85' lang='lat' dir='ltr'><strong>cum</strong></span> <span class='ocrx_word' id='word_1_249' title='bbox 732 3793 758 3848; x_wconf 80' lang='grc' dir='ltr'><strong>Ι.</strong></span> <span class='ocrx_word' id='word_1_250' title='bbox 827 3793 869 3844; x_wconf 82' lang='lat' dir='ltr'><strong>lb.</strong></span> <span class='ocrx_word' id='word_1_251' title='bbox 891 3793 956 3842; x_wconf 82' lang='lat' dir='ltr'><strong>haut</strong></span> <span class='ocrx_word' id='word_1_252' title='bbox 971 3788 1011 3839; x_wconf 84' lang='lat' dir='ltr'><strong>K.</strong></span> 
     </span>
    </p>
   </div>
   <div class='ocr_carea' id='block_1_5' title="bbox 48 3881 1050 3975">
    <p class='ocr_par' dir='ltr' id='par_1_9' title="bbox 48 3881 1050 3975">
     <span class='ocr_line' id='line_1_32' title="bbox 48 3881 1050 3975; baseline 0.002 -33"><span class='ocrx_word' id='word_1_253' title='bbox 48 3881 86 3935; x_wconf 58' lang='grc' dir='ltr'><strong>ἕ).</strong></span> <span class='ocrx_word' id='word_1_254' title='bbox 104 3897 165 3942; x_wconf 76' lang='lat' dir='ltr'><strong>nour</strong></span> <span class='ocrx_word' id='word_1_255' title='bbox 181 3888 207 3940; x_wconf 84' lang='lat' dir='ltr'><strong>st</strong></span> <span class='ocrx_word' id='word_1_256' title='bbox 222 3887 336 3975; x_wconf 63' lang='lat' dir='ltr'><strong>iphaosit</strong></span> <span class='ocrx_word' id='word_1_257' title='bbox 352 3889 377 3943; x_wconf 89' lang='lat' dir='ltr'><strong>I.</strong></span> <span class='ocrx_word' id='word_1_258' title='bbox 452 3891 497 3968; x_wconf 68' lang='lat' dir='ltr'><strong>zi.</strong></span> <span class='ocrx_word' id='word_1_259' title='bbox 519 3891 691 3947; x_wconf 64' lang='lat' dir='ltr'><strong>moreaul.</strong></span> <span class='ocrx_word' id='word_1_260' title='bbox 764 3894 856 3948; x_wconf 81' lang='lat' dir='ltr'><strong>laxata</strong></span> <span class='ocrx_word' id='word_1_261' title='bbox 878 3893 992 3947; x_wconf 75' lang='lat' dir='ltr'><strong>amnem</strong></span> <span class='ocrx_word' id='word_1_262' title='bbox 1012 3887 1050 3944; x_wconf 82' lang='lat' dir='ltr'><strong>K.</strong></span> 
     </span>
    </p>
   </div>
   <div class='ocr_carea' id='block_1_6' title="bbox 104 4106 128 4163">
    <p class='ocr_par' dir='ltr' id='par_1_10' title="bbox 104 4106 128 4163">
     <span class='ocr_line' id='line_1_33' title="bbox 104 4106 128 4163; baseline 0 0"><span class='ocrx_word' id='word_1_263' title='bbox 104 4106 128 4163; x_wconf 66' lang='grc' dir='ltr'><strong><em>ὕ</em></strong></span> 
     </span>
    </p>
   </div>
   <div class='ocr_carea' id='block_1_7' title="bbox 0 0 1254 4440">
    <p class='ocr_par' dir='ltr' id='par_1_11' title="bbox 0 0 1254 4440">
     <span class='ocr_line' id='line_1_34' title="bbox 0 0 1254 4440; baseline 0 0"><span class='ocrx_word' id='word_1_264' title='bbox 0 0 1254 4440; x_wconf 95' lang='lat' dir='ltr'><strong> </strong></span> 
     </span>
    </p>
   </div>
  </div>
 </body>
</html>
