2476 4440
219 162 229 180 ⁸
343 199 704 275 cuunenrrcn.
869 296 872 301 Ι
974 194 1028 267 4⁷

111 392 235 463 Adsint
255 397 290 459 et
309 391 425 461 docilis
446 392 602 461 decantet
624 390 773 461 Oreades
793 388 896 461 Ecbo.

111 513 187 581 Duc
207 530 282 600 age,
303 511 389 601 diua,
408 516 497 578 tuum
517 511 671 579 frondosa
690 532 750 599 per
769 512 843 580 auia
861 514 987 577 uatem:

115 631 167 699 'l'e
186 631 359 719 sequimur,
380 636 415 696 tu
436 630 544 717 pande
564 631 676 697 domos
697 635 731 695 et
750 630 853 697 lustru
880 632 1030 698 terarum.

113 749 187 817 Huc
207 748 306 837 igitur
325 766 461 832 mecum,
481 749 638 837 quisquis,
658 766 837 836 percussus
856 766 966 817 emere

69 876 91 932 o
114 868 279 956 venenu,
300 869 437 936 damnas
456 867 533 933 rores
555 866 749 954 rabidosque
769 867 923 935 temous
946 848 949 853 '

117 985 305 1072 ciuilesque
317 984 410 1071 ¹iugis
432 986 590 1074 strepitus
611 984 751 1072 bellique
769 986 928 1073 fragores,

114 1106 190 1172 Nec
210 1103 351 1191 praedes
372 1103 487 1171 auidus
508 1103 647 1171 sectaris
667 1105 796 1191 gurgite
815 1104 917 1191 ponti.

158 1222 322 1311 Principio
344 1223 403 1290 tibi
423 1241 502 1290 curu
523 1241 640 1289 canum
666 1236 732 1289 non
752 1223 866 1311 segnis
886 1224 928 1291 eb
948 1240 1037 1291 anno

115 1342 254 1430 Incipiat
273 1341 387 1428 primo,
407 1358 479 1406 cum
499 1339 612 1427 lanus,
632 1341 788 1424 temporis
810 1346 933 1430 auctor,

69 1462 94 1525 ὅ
114 1460 240 1527 Pendit
257 1456 460 1525 inocciduum
479 1454 624 1521 bissenis
643 1454 809 1521 mensibus
828 1475 954 1525 aeuum.

117 1576 216 1661 Elige
236 1581 316 1641 tnnc
336 1591 432 1641 cursu
452 1571 582 1638 facilem
598 1561 791 1659 ¹facilemque
811 1590 957 1659 recursu,

117 1691 189 1763 Seu
208 1689 468 1758 Lacedaemonio
489 1694 599 1757 natam
618 1708 680 1758 seu
699 1708 775 1757 rure
795 1688 950 1781 Molosso,

119 1812 198 1877 Non
218 1806 340 1875 humili¹
356 1807 399 1875 de
424 1814 527 1896 gente
554 1826 676 1877 canem.
720 1809 765 1874 sit
785 1806 930 1875 cruribus
951 1806 1039 1898 aitte,

118 1929 175 1999 Sit
193 1927 322 2014 rigidis,
344 1926 537 2012 multamque
557 1926 667 1994 trabat
686 1926 747 1994 sub
768 1932 905 2014 pectore
924 1925 992 1993 lato

69 2053 97 2113 ,0
119 2043 292 2115 costarum
311 2043 371 2111 sub
391 2044 457 2112 tine
478 2043 636 2111 decenter
656 2062 761 2131 prone
782 2043 936 2134 carinam,

119 2164 213 2249 Quae
234 2160 358 2229 sensim
377 2182 492 2228 rursus
512 2161 600 2229 sicca
621 2180 660 2229 sc
680 2162 815 2251 colliget
835 2160 920 2251 uluq
979 2240 982 2245 ¹

119 2282 269 2349 Renibus
289 2278 394 2367 ampla
414 2282 497 2347 satis
518 2280 635 2349 ualidis
662 2278 856 2369 diductaque
885 2296 1000 2369 coxas,

119 2397 244 2488 Cuique
264 2398 360 2466 nimis
379 2399 494 2467 molles
514 2399 641 2466 fluitem
659 2397 695 2464 in
715 2398 863 2466 cursibus
883 2416 992 2465 aures.

119 2517 207 2585 Huic
226 2517 361 2603 paridem
381 2518 535 2589 submitte
548 2536 678 2597 marem,
699 2517 749 2584 sie
762 2518 869 2584 omnia
881 2532 1041 2603 magnum,

69 2635 102 2701 15
122 2632 209 2700 Dum
229 2636 386 2716 superant
405 2633 504 2712 uires,
526 2632 601 2698 dum
621 2633 709 2699 laeto
729 2634 810 2700 flore
829 2633 983 2699 iuuentus

124 2744 280 2833 Corporis
299 2752 335 2812 et
355 2747 450 2813 uenis
470 2748 627 2833 porimaeui
646 2750 783 2836 sanguis
804 2748 957 2815 abundat.

122 2864 160 2933 N
159 2881 273 2951 amque
293 2881 414 2951 graues
428 2864 530 2929 morbi
545 2864 685 2930 subeunt
698 2864 875 2953 segnisque
888 2870 1043 2933 senectus

121 2981 368 3069 Inualidamque
388 2981 512 3050 dabunt
532 3000 598 3050 non
617 2982 707 3051 firmo
728 3000 864 3070 corpore
889 2983 1023 3071 prolem.

122 3101 194 3171 Sed
216 3101 346 3168 diuersa
365 3100 470 3187 mags
490 3101 616 3168 feturae
637 3102 788 3171 conuenit
807 3106 919 3169 nemea

69 3229 103 3289 tt)
125 3222 177 3287 Tu
196 3219 248 3287 bis
268 3218 392 3287 uicenis
413 3218 544 3306 plenum
563 3220 627 3287 iam
646 3221 813 3288 mensibus
831 3238 940 3289 acrem

123 3339 165 3406 ln
185 3336 348 3405 Venerem
367 3336 518 3423 permitte
537 3356 678 3429 marem3
697 3339 744 3410 sit
761 3336 891 3429 semina,
910 3341 1004 3410 binos

69 3652 89 3702 3.
113 3646 224 3699 oreades
241 3660 269 3698 a.
354 3645 832 3703 seminecessemineces.
906 3648 965 3701 10⁰.
982 3650 1043 3700 aui-

69 3762 147 3817 rsque
163 3762 211 3799 ac:
227 3748 352 3801 correcti
371 3748 471 3801 Vitrea
560 3749 621 3800 102.
638 3752 718 3802 auido
734 3766 761 3805 a.
780 3798 783 3805 ,
841 3749 902 3802 104.
918 3760 1001 3799 samm
1016 3763 1043 3801 c.

127 3851 189 3905 105.
206 3851 235 3899 in
252 3851 392 3902 occiduum
407 3864 432 3904 c.
516 3849 578 3905 100.
595 3854 673 3918 gerat
687 3864 713 3906 a·
797 3852 858 3907 na.
879 3848 1043 3913 deducesque

69 3994 72 4009 .
142 3950 203 4006 110.
219 3952 343 4007 udonem
358 3963 385 4005 c.
