2476 4440
497 239 540 253 -·-·
583 219 655 269 ΣΠ
697 239 740 250 -·

101 385 235 474 scriptu
253 390 332 455 snnt
351 385 393 455 in·
404 386 553 457 codicem
563 387 850 457 vindobonensem
867 384 972 455 boot
997 389 1127 477 (philol.

108 502 224 586 385).
271 505 364 574 Aedi·
391 505 526 575 Sinccri
550 527 679 575 monum
703 526 781 575 csse
805 507 974 595 inscriptio
1001 516 1126 577 narrat.

106 623 153 693 dc
179 642 244 711 qno
272 625 344 693 inre
378 624 529 693 debitore
560 624 688 693 uidetur
717 624 936 704 Endlicherns
966 628 1065 694 coiri.
1092 649 1127 715 p.

107 740 205 810 2114.
226 763 304 811 monn
322 745 362 810 in
380 743 523 811 Pontoni
550 763 645 831 qinom
671 765 772 832 snpra
798 744 912 810 rettuli
930 746 1073 832 epistola
1091 745 1127 811 in

103 861 161 930 bis
189 863 317 931 chmtis
341 862 670 950 vindobonensibns,
692 882 779 951 qnae
802 862 926 929 bobent
951 882 1023 931 enm
1036 863 1065 930 1.
1091 863 1128 952 1,

102 981 336 1068 scriptumest
354 977 544 1049 ‘Christiani
557 981 770 1049 illi-uersiculi
783 981 861 1050 nodi
867 987 956 1047 sunt
963 987 997 1048 et
1003 981 1098 1048 nitidi
1106 979 1124 1048 ι’

100 1098 255 1166 Pontoni
281 1099 380 1167 ncrbo
403 1082 489 1169 tedio
511 1097 617 1166 tuisse
644 1099 795 1167 uidentur
823 1101 931 1188 quolio
951 1099 1128 1167 Summon-

104 1217 178 1283 tins
211 1216 345 1303 protoiit
375 1235 442 1284 nec
472 1221 586 1304 potest
622 1237 715 1287 error
740 1219 874 1286 attribni
906 1217 1127 1286 Sonnonnrio.

103 1335 250 1401 Pontoni
271 1335 648 1423 epistolom'seqnnntnr
676 1337 820 1403 carmine
833 1354 926 1402 non·
939 1334 1027 1401 nulio
1051 1334 1129 1401 An·

107 1452 205 1520 sonii.
227 1453 346 1543 codex,
365 1455 421 1540 qni
441 1473 505 1540 qno
519 1451 634 1517 ordine
647 1452 811 1539 disposito
826 1453 965 1519 Ausonii
984 1453 1129 1519 cornino

105 1569 309 1635 continuerit
329 1567 448 1636 deinde
469 1568 633 1659 docemur,-
661 1568 893 1656 Lugdunensis
913 1568 1127 1637 fuissentin

106 1686 230 1753 Araris
252 1685 358 1753 insnlo
379 1685 422 1753 nb
443 1684 541 1752 Actio
561 1684 702 1755 Sionem
731 1686 884 1755 inuentos
910 1705 989 1753 esse
1008 1704 1127 1752 norro-

107 1810 171 1871 tnr.
193 1802 333 1871 insutan
364 1809 502 1871 sonctoe
522 1801 689 1895 Borboroo
717 1803 894 1888 significari
920 1804 1126 1871 menifestum
1170 1794 1176 1811 '

109 1928 175 1992 cst.
197 1921 313 1990 cedern
333 1942 449 1991 manns
469 1922 504 1988 in
524 1918 659 2008 triginta
679 1926 863 2008 postremos
884 1921 1008 1988 codicis
1026 1920 1127 1987 obor-

109 2047 165 2108 tns
186 2038 295 2107 cnidii
311 2041 488 2108 bolicndco
509 2037 661 2118 (11143
680 2045 747 2120 ss.)
767 2040 958 2111 Nemesinni
979 2055 1128 2125 cynege-

109 2161 177 2228 tico
213 2158 294 2243 (foi.
321 2154 377 2225 48
396 2162 471 2238 ss.)
505 2154 613 2223 Grotii
648 2158 844 2245 cynegeticon
870 2152 1127 2239 11015818.)

110 2277 330 2364 transcripsit
359 2276 470 2365 plnres
490 2275 592 2343 foisse
613 2276 729 2364 opinor
755 2277 809 2365 qni
830 2276 973 2345 carmina
994 2293 1015 2341 o
1036 2271 1128 2340 Son-

109 2395 247 2464 nonorio
279 2414 323 2463 ex
348 2397 414 2464 situ
441 2400 551 2484 eruto,
579 2401 752 2483 antequem
778 2395 913 2480 abogn
942 2391 1129 2487 ederentur,

108 2515 144 2580 in
165 2533 251 2581 nono
271 2515 472 2601 exemplario
492 2533 553 2585 sno
572 2531 668 2579 monn
688 2513 915 2580 transferrent.
941 2513 1128 2579 obortarum

110 2629 335 2699 bibbottecoe·
350 2632 585 2703 Ambrosianus
605 2630 863 2713 Mediolanensis
883 2633 920 2696 in
937 2626 1045 2703 ouidii
1065 2626 1129 2696 bs-

109 2748 319 2819 iicuticornm
337 2750 565 2817 emendatione
577 2750 710 2834 saepius
722 2749 920 2815 mentionem
931 2746 1011 2815 fecit
1020 2744 1129 2811 Hein-

109 2868 197 2957 sius,
217 2867 251 2934 in
274 2865 383 2934 Gmtii
404 2863 736 2951 carminemrissimo
755 2865 888 2932 Viitins.
923 2882 1033 2937 eorum
1060 2862 1129 2929 ori-

111 2986 223 3075 ginem
244 2982 289 3052 ad
310 2984 448 3053 eundern
469 2979 772 3053 iilom'S'ennonorii
793 2984 908 3053 librum
925 2967 1130 3053 referendam

112 3122 194 3172 csse
207 3104 398 3191 pntnncrim.
424 3101 700 3170 vindobonenses
714 3100 848 3169 ohortoo
856 3100 935 3202 Q)
956 3103 999 3173 sd
1015 3121 1129 3169 emen-

89 3218 225 3291 ¹dnndo
250 3221 443 3290 Nemesioni
470 3221 666 3309 cynegeticon
694 3239 760 3289 non
791 3218 924 3300 multum
950 3220 1130 3291 attuierunt

111 3340 280 3410 utilitatis:
324 3339 488 3409 enimnoro
514 3339 619 3411 minor
645 3344 701 3412 est
730 3358 841 3408 eornm
867 3359 962 3427 quom
992 3338 1129 3406 Gratia·

112 3478 227 3527 norom
248 3456 450 3546 depranotin.
478 3463 623 3525 ceterum
650 3455 702 3537 bic
724 3476 850 3547 quoqne
878 3460 1003 3548 nliqnot
1023 3456 1130 3525 bomi-

113 3596 192 3653 nnrn
211 3575 606 3645 doctornmconiectnras
626 3577 833 3644 confirmatos
854 3577 1002 3667 repperi,
1029 3571 1130 3643 nclnti

108 3715 143 3761 n.
175 3691 228 3759 ts
253 3698 335 3771 trote
361 3694 505 3784 Bortbii,
548 3692 624 3760 102
654 3697 777 3763 amdan
805 3682 913 3788 vlitii',
950 3692 1028 3762 169
1059 3696 1128 3761 mm

114 3812 352 3881 Wernsdortii.
392 3813 477 3898 Legi
498 3819 607 3880 antem
628 3813 771 3881 editione
792 3814 861 3905 (c)
888 3818 922 3883 in
951 3813 1004 3879 iris
1025 3811 1127 3876 tribus

117 3929 313 4000 carminibus
322 3930 676 4019 diligentinsusussnm
689 3933 900 4026 qinomodbnc
913 3929 1126 3998 foctnmernt.
