2476 4440
371 226 375 231 ·
441 196 645 303 nunni.
1008 230 1074 327 eu,

112 412 247 486 meslete
266 417 444 504 replentur.
467 420 552 508 qnod
572 420 756 493 miraeulum
776 444 964 521 quamquam
985 438 1061 504 uta.

65 576 89 621 ἱ·
113 544 170 606 tur
189 536 411 625 similitudine,
433 543 469 604 et
488 556 652 625 praesens
666 548 775 612 umen
789 548 976 618 beneficium
998 573 1061 641 pu-

65 658 81 747 ·j'
111 659 199 747 pulis
220 652 387 748 praestat,
415 662 452 722 ut
480 668 657 744 cognoseat
677 661 772 730 hume
802 667 844 733 ub
864 667 921 736 illu
941 688 981 738 se
1002 691 1060 740 ue-

76 774 83 805 ·”
113 778 228 864 cipere
247 777 378 865 uictum,
399 754 454 861 nui
475 758 692 845 eumereuuit
714 799 758 847 ex
778 784 889 853 nihilo.

65 896 93 993 ii
155 894 217 963 111.
242 896 388 962 Tertium
409 894 568 982 estquod
589 896 631 963 de
652 898 779 968 fueniee
791 903 983 974 Luelunlius
1001 926 1059 976 re-

65 1006 69 1019 '
112 1015 189 1083 fert.
213 1032 341 1102 mugnu,
370 1014 428 1103 uit,
449 1032 584 1100 corpure
607 1019 641 1081 et
662 1017 783 1087 deeora
803 1022 923 1108 plumis
944 1028 1060 1113 ungui-

112 1135 240 1220 busque
262 1137 296 1199 et
317 1130 430 1198 oeulis.
452 1152 535 1220 quae
565 1135 701 1205 ulterius
721 1138 798 1206 uuis
816 1160 881 1209 non
903 1148 958 1211 est
978 1163 1060 1212 con-

109 1252 221 1319 iuncta
242 1253 406 1319 consortie
428 1270 490 1318 neu
516 1253 626 1321 iunclu
653 1257 809 1343 coniugio.
846 1280 920 1327 num
943 1267 977 1328 et
997 1276 1059 1331 ne-

109 1372 196 1439 scire
224 1372 371 1439 hemines
399 1370 604 1436 menifestum
636 1379 689 1438 est
723 1375 813 1441 euius
847 1375 891 1441 sit
917 1381 1060 1470 generis,

65 1494 90 1551 0
110 1490 273 1556 masenius
294 1508 337 1555 un
358 1487 479 1552 semina
499 1485 571 1551 siue
591 1493 750 1553 neutrum.
785 1487 870 1555 haee
890 1498 1060 1580 postquem

111 1607 200 1676 mille
222 1604 389 1671 transierit
410 1622 532 1692 annos,
565 1605 648 1691 petit
671 1605 775 1671 lucum
798 1608 944 1675 omnibus
965 1630 1060 1677 mun-

110 1724 209 1792 danis
238 1723 321 1789 lueis
345 1722 617 1812 praeminentem,
649 1723 685 1789 in
711 1741 774 1810 que
800 1722 938 1792 habetur
968 1727 1059 1795 lucus
1096 1740 1104 1753 “

108 1842 205 1910 uiridi
226 1861 318 1909 eume
337 1860 440 1908 uerno
459 1840 662 1928 hibernoque-
680 1840 881 1931 perdurans,
911 1842 945 1909 in
968 1844 1059 1911 euius
1171 1870 1175 1879 ·

108 1960 215 2030 medio
236 1960 309 2027 funs
329 1963 385 2027 est
404 1979 542 2046 mugnus
562 1965 597 2028 et
617 1959 768 2027 ubertate
788 1961 930 2047 profluus
951 1967 986 2030 et
1005 1961 1058 2029 le·

65 2080 213 2147 {imitate
235 2079 436 2166 praeclarus.
457 2078 552 2144 huius
572 2078 606 2144 in
626 2078 722 2144 litore
744 2079 841 2145 arbor
861 2079 980 2146 nubilis
999 2097 1059 2146 re-

107 2200 216 2287 liquus
236 2198 300 2264 luei
314 2198 448 2265 arbores
463 2196 659 2282 proceritate
673 2196 893 2283 praecellens.
914 2188 1058 2264 ininius

106 2317 235 2385 arboris
268 2317 391 2382 uertice
424 2315 508 2387 haee
542 2314 613 2381 uuis
650 2313 790 2381 diuersis
821 2315 1056 2402 pigmentorum
1094 2331 1096 2335 ’

105 2436 282 2525 generibus
315 2433 473 2502 uunstruit
505 2431 568 2499 sibi
603 2432 713 2500 nidum
753 2450 814 2500 sen
844 2431 1055 2520 sepulchrum

107 2555 332 2639 insolensque
358 2552 393 2617 in
427 2548 534 2616 medio
563 2551 635 2618 eius
670 2570 727 2620 ore
756 2551 968 2619 odoramenta
993 2552 1055 2619 ad-

65 2670 211 2736 [ltrahit
237 2686 339 2755 seque
367 2681 411 2731 ex
437 2667 491 2732 his
518 2666 610 2753 tegit.
648 2673 726 2734 tune
753 2668 894 2735 diuersis
919 2668 1056 2737 modulis

107 2787 223 2874 ineipit
244 2790 360 2852 eunius
381 2801 501 2849 suuues
522 2784 687 2850 effundere
701 2803 741 2850 ne
760 2784 806 2865 ‘de
826 2785 904 2851 nido
918 2782 1056 2883 exiliens

106 2924 265 2994 uquarum
286 2922 326 2971 se
347 2901 444 2970 undis
463 2899 625 2989 immergit.
646 2897 732 2967 idem
754 2919 826 2967 eum
847 2905 899 2969 ter
919 2907 1054 2989 quater-

107 3043 172 3112 que
191 3020 379 3110 repetierit,
415 3017 566 3085 ascendii
584 3020 703 3085 iterum
722 3012 933 3105 udtrnhitque'
949 3017 1053 3089 denuo

67 3164 70 3169 ·
107 3160 209 3228 super
229 3161 268 3208 se
286 3138 504 3223 odoramenta,
525 3152 615 3222 quue-
623 3135 750 3213 detulit.
772 3137 1053 3206 emicunteeutem

65 3260 180 3329 Bsole
201 3258 334 3345 primum
355 3256 388 3321 ei
406 3255 498 3322 iubar
517 3250 636 3339 ingerit
656 3255 797 3343 igneum,
824 3253 1052 3341 adprehenso-

65 3384 70 3391 '
108 3396 171 3467 que
200 3374 280 3444 nido
307 3378 377 3441 tuta
409 3374 538 3461 integre
569 3376 802 3440 concrematur.
838 3376 915 3439 inne
943 3376 1052 3462 puluis

65 3492 68 3497 ’
108 3501 245 3565 exustus
266 3512 311 3561 ex
331 3510 371 3560 se
391 3490 570 3581 colligitur,
601 3491 760 3558 inunum
787 3508 928 3558 messum
957 3492 1050 3578 quasi

107 3616 144 3689 iu
163 3614 215 3681 oui
231 3611 377 3709 speeiem
398 3609 630 3699 conglobetur,
654 3628 695 3679 uc
715 3608 836 3679 exinde
856 3613 979 3690 iterum,
991 3608 1060 3679 re-‘

65 3972 81 4027 l·
95 3975 264 4044 uugibmque
280 3974 315 4027 Β.
397 3974 440 4029 25.
457 3974 699 4042 unprenemumque
720 3973 811 4030 nilum
825 3972 860 4024 υ.
