2520 4440
218 203 267 272 ιιι
595 168 599 178 ’
624 199 814 270 annun

214 393 256 455 15
276 393 458 479 Protegere
478 388 608 457 auxiliis
629 391 801 479 orbemque
822 389 884 458 hac
905 389 1035 457 soluere
1058 408 1160 459 noxa.

196 540 202 549 ·
230 582 234 597 ,
276 511 460 580 Adsciuerc
481 515 536 576 uro
557 510 693 576 comites
714 509 775 580 sub
796 509 926 578 nundne
946 509 1042 577 diuae

276 630 423 698 Mentem
433 647 546 697 omnes
557 647 733 719 nemorum,
743 635 884 698 mentem
896 629 939 697 de
949 630 1093 698 fontibus
1107 648 1214 700 omnes

277 749 404 815 Naides
425 755 461 816 et
480 749 569 816 Latii
652 750 787 816 Faunus

276 867 523 960 Maenaliusque
552 889 633 960 puer
662 868 878 958 domitrixque
904 868 1006 937 ldaea
1026 869 1158 938 leonum
1207 942 1210 947 ,

212 990 255 1051 2⁰
275 988 384 1057 Mater
404 994 440 1057 et
460 989 582 1056 inculto
604 987 761 1058 Siluanus
783 990 914 1057 termite
933 990 1095 1077 gaudens.

275 1109 339 1176 llis
360 1126 421 1197 ego
442 1109 814 1197 praesidibusmostram
834 1087 1019 1207 defendere>
1033 1114 1159 1178 sortem
1207 1095 1209 1099 ’

277 1226 401 1296 Contra
420 1228 508 1296 mille
527 1209 617 1296 feras
637 1235 672 1297 et
692 1247 759 1295 non
770 1227 853 1317 ,sine
873 1220 1015 1296 carmine
1034 1229 1142 1320 nisus,

275 1341 428 1415 Carmine
450 1354 485 1414 et
505 1365 595 1416 arma
615 1346 699 1414 dabo
721 1347 854 1413 uenanti
875 1353 911 1415 et
930 1366 1111 1436 persequar
1139 1349 1215 1416 artis

274 1464 447 1533 Armorum
469 1474 593 1536 casses
605 1457 770 1556 plagiique
790 1460 944 1535 err'ordiar¹
964 1470 1069 1534 astus

211 1583 254 1646 26
315 1583 426 1691 Prima
446 1585 560 1654 intrent
581 1587 672 1654 tenui
693 1591 885 1654 nascentem
904 1571 1040 1679 iungere
1059 1584 1114 1652 filo

274 1667 420 1772 limbum
432 1711 465 1773 et
473 1706 690 1794 quadruplicis
704 1709 865 1772 tormento
875 1704 1082 1792 adstringere
1089 1703 1215 1772 limbos

275 1821 336 1889 Illa
358 1842 489 1910 operum
511 1825 654 1915 patiens,
674 1824 730 1890 illa
751 1842 830 1890 usus
850 1804 939 1917 Ιὶιιιιιι
957 1822 1058 1931 longi

275 1941 399 2009 Tauno
388 1962 494 2031 ipsum
514 1944 619 2038 medio
641 1961 770 2010 cassem
792 1943 855 2030 qui.
865 1924 1010 2011 nascitur
1031 1962 1088 2010 ore

274 2060 353 2128 Per
363 2081 465 2129 senos
486 2062 604 2131 circum
617 2081 720 2151 usque
738 2061 831 2129 sinus
842 2038 1022 2150 roquerius,
1042 2066 1079 2127 ut
1093 2081 1217 2131 omnem

212 2182 254 2240 30
275 2155 446 2267 concipiat
466 2182 571 2270 tergo,
592 2183 622 2248 si
643 2182 810 2268 quisquam
824 2179 1059 2275 est-plurimus,
1079 2181 1216 2250 hostem

274 2295 323 2364 Et
343 2297 395 2365 bis
416 2299 550 2366 uicenos
571 2299 711 2388 spatium
731 2295 948 2385 praetendere
968 2314 1089 2386 passus
1168 2290 1171 2297 ’

275 2412 365 2482 Rete
386 2414 482 2483 uelim
503 2416 674 2506 plenisque
695 2416 809 2487 decem
829 2432 1026 2504 consurgere
1046 2416 1163 2484 nodis:

106 2624 109 2628 Ι
214 2656 258 2708 15.
277 2656 368 2711 orbem
385 2664 468 2724 qneaa
485 2658 517 2711 Β.
587 2654 634 2719 ιι.
652 2661 686 2713 ad
702 2662 757 2713 sois
772 2663 884 2714 neretuo
910 2656 946 2711 Β.
1021 2658 1143 2723 nomine
1151 2658 1218 2710 All:

212 2763 337 2812 surremit
357 2760 502 2815 narratas.
575 2760 656 2813 diune
678 2762 714 2814 Β.
786 2764 830 2815 17.
853 2765 969 2814 Mentem
984 2774 1050 2829 epo.-
1074 2757 1220 2815 aentemA

212 2859 260 2923 (ta
274 2874 329 2926 quo
344 2875 360 2913 o
375 2863 488 2916 uidemur
509 2863 662 2927 recentiora)
687 2867 714 2917 et
728 2880 766 2931 pr
781 2866 816 2928 Β,
839 2871 944 2917 centem
964 2875 999 2917 rc
1014 2862 1059 2958 Β
1125 2874 1219 2916 nemo-

213 2966 413 3028 ruminantem
430 2978 492 3033 epo,
510 2969 538 3018 et
552 2978 692 3020 nemorum
706 2967 839 3033 quadem
828 2980 884 3020 ram
901 2980 932 3018 a:
949 2934 1167 3017 memor-rimantes
1184 2965 1217 3030 Α,

213 3064 313 3115 Νιιιιιοι
329 3068 463 3117 armenta
480 3066 516 3119 Β.
590 3068 634 3120 18.
652 3069 745 3120 naides
767 3071 794 3117 et
814 3068 872 3119 latu
895 3072 1048 3120 taratara
1069 3067 1098 3118 ct
1118 3067 1218 3117 aalma

213 3166 332 3217 diductis
348 3167 387 3232 Β,
409 3168 439 3217 tu
463 3180 516 3233 quo
537 3170 617 3221 uultu
638 3168 800 3220 interualla.
873 3170 917 3221 19.
935 3171 1068 3221 Menallus
1094 3179 1145 3232 qne
1161 3167 1217 3219 AB.

281 3268 358 3317 ideae
374 3267 409 3343 Β.
476 3269 520 3322 2⁰.
538 3273 568 3337 et
581 3273 610 3320 in
627 3237 684 3320 oali
698 3270 796 3324 uanam
810 3274 932 3324 starmtte
954 3271 1055 3322 cudens
1069 3270 1106 3322 Β.
1174 3273 1219 3325 28·

214 3368 289 3418 lusus
305 3366 338 3433 A,
359 3370 433 3424 lesus
449 3369 492 3422 B.-
514 3371 641 3423 conscit
658 3370 767 3424 Vtttr'aa.
845 3372 888 3424 23.
914 3373 1025 3423 uenantt
1046 3371 1074 3421 et
1101 3371 1218 3425 Vama.-

152 3472 155 3477 '
214 3473 243 3521 et
259 3473 375 3523 uenandi
396 3473 455 3525 ΑΒ.
538 3471 584 3525 84.
602 3473 737 3537 cassaque
768 3475 915 3540 plagaeque
931 3473 1067 3524 licaretur.
1153 3473 1219 3523 enta

214 3569 273 3624 aa.
338 3575 387 3627 nn
402 3554 551 3627 audmvs
568 3569 808 3628 conmomnnrs
823 3575 883 3626 aa.
943 3577 988 3627 aa.
1004 3571 1108 3645 moa.
1177 3570 1220 3629 ιιι

213 3673 323 3739 limbos]
340 3679 454 3730 aldam
475 3677 546 3728 duaa
563 3671 677 3729 'aarum
699 3690 755 3730 aaa
775 3690 892 3744 proram
914 3677 1006 3729 certae
1026 3677 1057 3727 ia
1072 3674 1116 3726 A.·
1176 3670 1217 3726 87.

215 3789 279 3829 usus
295 3792 340 3831 om
354 3777 400 3828 B.·
462 3777 507 3827 28.
524 3778 654 3830 memedio
670 3776 730 3830 ΑΒ.
804 3781 909 3833 cassem
925 3780 972 3845 qut
986 3776 1028 3840 Β,
1048 3787 1154 3832 anam
1168 3784 1214 3841 ow

213 3878 248 3930 Δ.
315 3878 359 3928 29.
375 3868 485 3942 laqueus
500 3879 544 3930 bia
556 3879 614 3931 ΑΒ.
688 3882 760 3935 omni
776 3880 810 3934 Β.
884 3880 929 3933 80.
947 3881 1058 3945 quisque
1073 3875 1111 3929 Β.
1179 3872 1208 3924 at

214 3982 250 4034 at
266 3981 308 4033 uta
324 3980 421 4034 moeno
437 3980 471 4050 Δ,
488 3995 504 4034 a
520 3984 563 4037 bis
578 3985 676 4044 alcedo
692 3982 726 4037 Β.
790 3985 839 4073 22.
856 3981 932 4038 madia
947 3979 983 4033 Β.
