2476 4440
556 230 798 281 -Xffl-

164 394 255 495 ,pilli
280 400 479 493 nomio,
517 409 626 491 quen
644 399 688 468 ad
717 395 845 467 moiun
870 404 974 483 equus
998 387 1193 480 speculata

164 489 318 592 'uocatur
333 521 400 591 hai.
421 543 453 591 u.
476 517 549 590 ta:
580 518 642 589 sei
669 515 784 587 eodem
811 512 967 585 uocabulo
994 510 1088 579 idem.
1104 498 1194 579 (iui-

175 638 249 719 uiua
268 642 384 710 crebro
404 660 484 708 usus
504 644 570 708 ost.

238 757 431 826 Neruesiaui
451 757 643 846 cynegetica
661 755 697 823 in
717 753 834 823 eciem
854 749 979 840 coiioe,
999 749 1093 818 cum
1103 750 1194 841 quac

176 872 287 947 Ouidii
301 874 472 964 Gratiique
494 874 637 946 cumina
658 871 869 943 continebant
884 867 1194 939 membranaeVin-

72 994 78 1007 “
114 972 118 977 ’
176 993 337 1065 ‹lobonam
357 998 590 1083 peruenerunt,
616 989 856 1060 Sannauarium
883 988 1068 1076 perscripta
1095 987 1192 1057 inue-

148 1110 268 1191 nisse
297 1116 333 1181 et
361 1113 396 1182 in
424 1112 553 1181 italiam
581 1130 694 1180 secum
718 1112 916 1197 apportasse
945 1105 1043 1174 tideus
1070 1105 1194 1175 larunt

14 1262 22 1283 ·-
175 1246 219 1297 ea
240 1243 323 1316 quae
334 1229 500 1317 Georgius
513 1230 627 1316 Lagus
646 1228 682 1297 in
702 1226 906 1316 praefatione
926 1243 1000 1314 aua,
1019 1227 1193 1312 postquam

175 1346 219 1415 ds
240 1346 356 1420 Gratia
377 1349 506 1416 locutus
527 1353 592 1440 est,
612 1347 665 1415 llis
691 1346 802 1414 uerbis
821 1350 944 1414 narrat
989 1339 1191 1412 ‘Aesiander

90 1464 93 1469 '
176 1463 310 1561 quidem’
342 1467 447 1557 inquit
472 1463 529 1535 ‘ex
550 1465 774 1536 uetustissimo
796 1462 929 1546 codice,
957 1479 1053 1549 quem
1070 1461 1191 1529 nobilis

174 1589 212 1652 et
233 1584 431 1655 cultissimus
451 1585 557 1654 nostri
578 1586 736 1676 temporis
761 1588 863 1673 poeta
889 1578 1009 1648 Actius
1030 1577 1189 1650 Sincerns

176 1701 402 1792 Sannauarius
422 1703 686 1789 Langobardicis
705 1702 811 1772 literis
830 1698 988 1789 scriptum
1007 1717 1053 1768 ex
1073 1695 1191 1767 Galliis

175 1832 289 1888 aecum
320 1820 494 1909 aliqnando
524 1820 701 1911 attulerat,
734 1839 830 1910 quam
862 1816 969 1907 potuit
997 1818 1130 1904 integro
1156 1820 1194 1885 et

175 1936 363 2026 incorrupta
384 1937 562 2027 descripsit
589 1959 653 2008 una
683 1959 755 2008 oum
780 1937 967 2007 auotoribus
986 1934 1032 2002 iiii
1051 1934 1192 2001 coniun-

177 2052 260 2123 ctis?
307 2053 419 2125 Ouidii
438 2057 614 2127 halieutica
634 2059 715 2128 dicit
736 2063 772 2126 et
792 2056 988 2145 cynegetica
1008 2050 1129 2143 (irati,
1147 2052 1191 2121 io

36 2172 40 2179 ’
176 2173 291 2261 quibus
312 2180 413 2242 autea
432 2175 534 2244 uerba
553 2178 695 2249 lacerato
721 2194 787 2245 uon
807 2173 889 2243 dicit
917 2173 1089 2243 adiumtas
1109 2192 1133 2242 a
1152 2191 1191 2241 so

175 2286 505 2381 eclogascalpuruii,
526 2315 660 2385 quonum
681 2301 833 2385 quattuor
848 2294 1052 2384 posteriores
1066 2294 1195 2361 Neme-

175 2408 270 2476 siano
289 2410 447 2504 attribuit,
467 2415 631 2502 uulgatum
650 2415 706 2483 iila
724 2416 836 2482 aetate
850 2411 1031 2500 opinionem
1045 2417 1191 2493 secutus,

175 2540 242 2595 non
263 2528 387 2596 codicis
408 2533 645 2602 auctoritatem.
666 2552 743 2602 nam
758 2533 873 2601 librum
883 2530 974 2596 ilium
986 2546 1079 2616 quen
1096 2525 1191 2597 Sau-

175 2649 332 2716 nanarius
352 2649 387 2715 in
410 2649 518 2722 Gallia
546 2653 721 2722 inuenerat
746 2652 847 2720 etiarn
871 2647 1002 2736 eclogas
1023 2642 1193 2735 Calpurnii

174 2768 379 2845 continuisse
414 2790 509 2851 neno
545 2772 707 2861 perhibet.
766 2765 960 2837 Nemesiani
994 2765 1190 2833 mentionem

174 2884 254 2952 iecit
283 2886 388 2954 Lilius
416 2887 583 2978 Gyraldus
608 2897 643 2959 in
674 2890 834 2959 historiae
861 2884 1040 2976 poetarum·
1062 2882 1188 2968 dialogo

175 3009 304 3087 quarto.
336 3003 433 3093 ‘quod
465 3012 659 3096 cynegetiea
694 3008 830 3078 Gratius
867 2998 1056 3093 scripserit.
1087 2998 1192 3087 inquit

172 3112 305 3201 ‘Actius
327 3119 543 3192 Sannanarus
563 3127 641 3195 mihi
662 3127 801 3215 aliisque
821 3124 966 3215 pluribus
988 3117 1132 3190 asseruit
1159 3120 1193 3183 et

175 3235 321 3303 totondit
343 3258 414 3307 curn
439 3242 583 3330 Neapoli
613 3244 710 3311 animi
737 3246 845 3329 gratia
874 3261 919 3311 ex
944 3239 1026 3308 urbe
1055 3234 1192 3325 proiecti

176 3372 345 3423 essemus:
373 3376 412 3425 se
434 3360 585 3429 enimes
606 3360 793 3431 Heluorum
821 3361 938 3430 tinibus
958 3364 1058 3444 atque
1078 3373 1101 3423 e
1122 3354 1192 3420 'lu-

71 3460 82 3479 ''
174 3472 308 3541 renibus
348 3475 509 3546 detulisse
543 3481 730 3568 opusculum
766 3481 809 3549 de
843 3477 988 3568 piscibus
1020 3471 1132 3549 ouidii
1157 3476 1192 3539 et

174 3593 368 3678 cynegetica
390 3594 499 3663 Gratii
529 3605 564 3666 et
585 3600 788 3667 Nemesiani.
823 3597 858 3665 id
890 3594 975 3685 quoi
1007 3594 1107 3661 etiam
1133 3609 1193 3656 suo

44 3762 46 3767 .
175 3711 301 3798 scripto
322 3718 466 3782 testatus
487 3721 540 3782 est
553 3717 722 3786 Pontauus
744 3715 882 3804 quadarn
906 3732 967 3780 sua
987 3711 1131 3800 epistola
1152 3705 1193 3775 ad

175 3828 281 3914 ipsum
309 3829 443 3898 Actium
469 3838 504 3899 et
538 3835 577 3900 Ρ.
607 3831 846 3902 Summontius.'
900 3829 1035 3899 loannis
1068 3826 1214 3908 Iuniani,

67 3999 95 4055 ·‚
178 3946 526 4047 forianensecium,
569 3972 663 4042 quarn
682 3954 778 4042 paulo
798 3958 877 4022 unte
898 3956 1034 4022 morton
1055 3946 1199 4036 scripsit,
